3142 4375
659 502 896 559 munmosm
1224 506 1288 573 185

271 674 380 743 Tam,
402 672 513 751 inquit,
531 673 608 745 aaut
626 674 739 747 aptanti
757 672 859 731 dicam
871 674 1041 745 mammae
1058 689 1142 732 mmo
1160 672 1288 742 auderet,
1317 684 1333 732 s

269 762 412 821 volvenda
434 762 497 821 aas
521 779 556 821 ea
580 762 677 821 attaiit
697 762 790 821 altro:
812 762 920 837 Turne,
945 763 1003 837 ait,
1026 764 1081 838 qui
1103 762 1196 822 saluti
1217 764 1289 821 tuae

269 851 428 928 profutura
449 854 581 911 tractare
603 870 664 910 non
686 852 781 925 nosti,
811 852 892 911 ultro
917 852 1080 911 occurrisse
1106 870 1167 910 non
1195 852 1288 910 sentis

270 939 351 1018 quod
379 942 518 1017 optatum
544 940 763 1017 multiplicibus
790 942 884 1016 votis,
919 943 1038 1000 etiamsi
1068 941 1205 1000 faverent
1234 960 1288 999 nu-

237 1031 365 1105 emina,
395 1032 549 1107 praestare
577 1049 639 1089 non
668 1028 811 1107 possent?
846 1049 907 1090 non
935 1030 1043 1106 arripis
1073 1029 1153 1106 qnod
1183 1032 1288 1105 sponte

269 1117 380 1178 detulit
412 1118 475 1179 dies
508 1121 670 1196 oportuna,
709 1119 780 1178 dum
813 1117 966 1178 volvitur?
1010 1117 1129 1177 Aeneas
1159 1120 1232 1177 arbe
1263 1122 1290 1177 et

267 1208 355 1267 sociis
388 1212 415 1267 et
450 1209 542 1267 classe
577 1209 679 1267 relicta
714 1212 830 1281 sceptra
864 1208 999 1266 Palatini
1033 1207 1185 1281 sedemque
1217 1208 1290 1283 petit

266 1296 427 1369 Eaaaetri;
455 1313 508 1356 aee
534 1298 620 1367 satis,
649 1301 794 1357 extremas
818 1295 936 1371 Corythi
956 1298 1124 1369 peaetraait
1145 1298 1183 1356 ab
1205 1298 1289 1355 urbis
1300 1307 1333 1356 10

266 1386 479 1461 Lydorumque
493 1404 622 1456 manum,
642 1387 770 1446 mtieaos
789 1389 888 1445 armat
905 1387 1035 1460 cerastis.
1068 1386 1138 1460 qaid
1151 1386 1289 1445 alabitas?

223 1496 249 1538 ro
266 1492 348 1534 auae
374 1478 488 1550 tempas
516 1492 615 1547 equae,
645 1494 726 1535 anae
752 1492 871 1549 poscere
901 1492 1014 1533 auras.
1059 1492 1163 1547 rampe
1189 1492 1289 1535 moras

266 1565 364 1624 mana
394 1569 421 1624 et
448 1566 567 1623 tarbata
597 1566 697 1639 arripe
727 1568 840 1623 eastra:
874 1564 948 1622 haee
980 1563 1071 1623 dictio
1103 1564 1289 1624 intellectum

266 1653 467 1730 multiplicem
484 1656 578 1730 tenet3
596 1654 688 1714 habet
706 1656 786 1714 enim
804 1673 840 1712 ex
857 1673 919 1712 una
937 1655 1023 1729 parte
1042 1653 1288 1727 exhortationem,

266 1745 412 1803 terrorem
435 1762 506 1803 vero
530 1745 562 1802 et
584 1743 825 1821 obiurgationem
848 1761 884 1801 ex
907 1742 985 1800 aliis.
1026 1760 1098 1800 nam
1116 1741 1198 1819 quod
1216 1741 1290 1801 dicit

267 1832 391 1891 Aenean
423 1832 588 1911 longinqua
619 1832 760 1909 petivisse
793 1833 879 1891 tanto
911 1830 1026 1906 labore,
1058 1833 1094 1890 ut
1122 1850 1218 1908 usque
1251 1831 1289 1890 ad

223 1940 249 1983 ie
267 1920 444 1981 Euandrum
466 1922 696 1999 Tyrrhenosqne
732 1922 888 1999 pervenire
921 1920 1083 1997 potuisset,
1119 1920 1288 1997 obiurgatio

268 2010 332 2069 eins
362 2012 408 2069 est
437 2011 491 2087 qni
522 2010 675 2070 nesciebat
705 2010 822 2069 inimici
854 2012 1001 2069 tractatus
1034 2011 1065 2067 et
1091 2011 1185 2086 gesta.
1236 2009 1288 2067 ille

269 2100 350 2158 enim
381 2099 500 2177 inpiger
529 2099 677 2177 vigilabat
705 2099 867 2176 providens
896 2098 1033 2175 partibus
1064 2098 1139 2173 suis,
1171 2098 1288 2157 Turnus

268 2188 391 2248 sedebat
408 2189 575 2265 periculum
594 2209 682 2249 suum
699 2209 761 2249 nou
780 2191 926 2268 cogitans,
946 2190 1068 2248 trahens
1088 2189 1184 2249 otium
1203 2189 1289 2266 quasi

268 2277 378 2354 quietis
407 2279 553 2339 omnibus.
600 2279 681 2356 quod
709 2298 779 2340 vero
808 2279 920 2338 armari
946 2278 1089 2355 populos,
1119 2277 1187 2356 cogi
1213 2278 1290 2337 dixit

223 2384 251 2426 so
269 2368 396 2445 agrestis
421 2367 459 2427 ad
481 2368 606 2443 bellum,
629 2367 772 2428 iniciendi
795 2369 918 2428 terroris
942 2385 1033 2427 causa
1056 2370 1110 2426 est.
1152 2367 1288 2427 exhorta-

268 2455 362 2517 tionis
384 2459 486 2533 partes
509 2459 581 2516 sunt
603 2458 673 2532 hae,
696 2457 778 2534 qnod
800 2457 914 2516 relictis
936 2456 1019 2531 urbe,
1041 2456 1177 2531 navibus,
1201 2456 1289 2515 sociis

267 2544 435 2624 longinqua
462 2545 632 2623 penetravit
654 2545 785 2621 Aeneas,
813 2549 931 2623 tempus
959 2563 1022 2604 esse
1048 2548 1097 2620 ut,
1125 2548 1289 2623 autequam

267 2635 435 2694 instructus
462 2636 578 2710 veniat,
611 2635 795 2695 invadantur
821 2636 1005 2711 praesentes,
1036 2653 1163 2709 quorum
1192 2636 1290 2693 rector

268 2723 421 2784 abscessit.
467 2724 547 2800 quod
576 2725 677 2801 ipsum
710 2725 866 2784 confirmat
897 2724 1021 2782 consilio
1054 2723 1289 2798 profuturorum,

222 2828 249 2871 so
267 2816 305 2872 ut
328 2813 381 2889 qui
403 2831 523 2872 secums
548 2832 616 2873 cum
644 2814 762 2873 auxiliis
785 2814 870 2872 veuit
897 2831 1019 2871 suorum
1047 2814 1178 2889 stragem
1207 2813 1289 2871 fune-

267 2920 362 2979 raque
384 2904 516 2978 reperiat
539 2921 634 2980 eoque
657 2903 711 2962 fiat
738 2905 774 2962 ut
801 2902 855 2978 qui
877 2920 1024 2961 novorum
1048 2919 1169 2960 accessu
1192 2900 1289 2977 dupli-

268 2992 405 3050 saturum
432 3010 463 3051 se
496 2991 636 3051 credebat
669 2993 832 3051 exercitum
861 2992 940 3050 solos
970 2991 1106 3049 inveniat
1136 3007 1290 3066 superesse

268 3097 344 3156 quos
373 3079 465 3139 ducit.
510 3099 629 3141 rursum
656 3100 691 3140 ex
719 3099 752 3139 eo
780 3080 868 3139 inicit
894 3082 1019 3155 metum3
1052 3098 1122 3138 nam
1150 3082 1177 3139 si
1203 3079 1290 3138 bene·

267 3168 370 3228 ficium
397 3171 443 3229 est
472 3170 554 3246 quod
584 3169 701 3230 Aeneas
731 3169 892 3229 videbatur
919 3168 1034 3244 abesse,
1065 3171 1192 3245 apparat
1221 3188 1290 3227 eum

223 3274 249 3315 eo
268 3257 342 3317 ferri
373 3278 433 3318 non
465 3278 565 3335 posse,
598 3278 667 3318 cum
697 3259 875 3319 instructior
906 3257 1029 3316 venerit.
1080 3276 1146 3316 eece
1176 3260 1290 3335 quanta

342 3462 458 3517 nativ
476 3465 568 3532 iaqait
585 3463 628 3518 ed.
689 3464 842 3518 euoluitur
855 3462 881 3516 V
899 3479 927 3518 se
945 3464 1058 3518 coluerit
1075 3463 1119 3516 ed.
1180 3467 1213 3515 13
1232 3462 1291 3515 alia

267 3533 314 3588 ed.
376 3540 410 3588 14
429 3535 608 3604 lonqiaqaam
627 3534 669 3588 ed.
733 3540 766 3588 16
784 3541 859 3605 aesta
872 3533 899 3588 V
916 3550 960 3588 res
977 3541 1066 3604 aestas
1084 3533 1127 3588 ed.
1188 3537 1221 3585 17
1240 3533 1291 3586 im-

264 3605 409 3676 piqreed.
472 3610 504 3659 19
524 3604 704 3676 coyiVetc.
725 3605 768 3661 ed.
834 3611 866 3659 21
887 3604 1103 3674 qaadVeted.
1134 3605 1137 3676 i
1171 3605 1253 3659 soriis

268 3693 303 3732 aa
321 3693 341 3730 e.
362 3676 405 3731 ed.
479 3683 512 3730 22
538 3683 627 3732 maaet
651 3678 738 3746 iqitaa
763 3678 821 3731 Iris
845 3679 911 3731 ante
936 3684 1041 3746 tempas
1065 3674 1234 3744 interpola

268 3764 325 3804 esee
339 3746 365 3801 V
379 3748 422 3802 ed.
442 3747 561 3802 fortasse
579 3755 618 3803 eat
636 3750 697 3802 ait?
770 3752 804 3801 25
822 3747 936 3803 caaitV
953 3749 1056 3803 uenerit
1073 3747 1120 3802 cd,
1190 3751 1232 3799 ‘tt

267 3835 368 3876 aotam
390 3818 417 3873 V
443 3821 492 3888 qai
517 3836 649 3875 aoaaam
676 3835 726 3874 nos
751 3821 823 3876 sinat
849 3819 895 3875 ecl.
968 3825 1003 3875 ut
1031 3817 1149 3875 sotasV
1177 3831 1244 3868 cos.

268 3895 304 3944 29
324 3907 384 3945 eam
398 3889 637 3960 feeua'VidJieri
653 3892 698 3948 ed.
