3142 4375
650 477 903 534 insarnosvn
1242 479 1285 547 37

268 649 436 709 molestiam
459 649 538 725 pati,
565 648 682 708 nullum
707 646 825 706 onerari
851 647 1023 723 praesentia
1050 648 1214 725 peregrini,
1241 648 1288 707 uti

268 758 355 814 aura,
383 757 475 815 qnam
498 736 634 798 omnibus
658 736 812 813 praestitit
832 755 932 795 rerum
954 739 1065 796 natura
1092 755 1288 812 communem,

267 832 298 888 ct
319 827 427 887 habere
451 846 548 905 aquae
571 825 709 903 perennis
732 826 864 900 copiam,
887 845 964 903 quae
987 826 1083 885 nescit
1099 824 1288 901 detrimenta,

267 936 336 977 cum
357 916 476 976 tollitur
498 918 534 976 de
558 918 628 975 sinn
650 913 742 974 fontis
766 917 820 973 aut
837 914 874 972 de
893 933 982 973 eursu
999 914 1131 975 fluminis
1149 914 1287 992 rapitur?

236 1023 326 1066 enon
356 1007 465 1065 aimus
492 1023 580 1080 repere
607 1004 770 1063 indecores:
801 1004 962 1080 superbum
991 1007 1023 1063 et
1054 1023 1198 1083 arrogans
1229 1005 1289 1064 fuit

267 1096 364 1155 dicere
394 1094 514 1154 ornabit
543 1097 573 1153 te
603 1094 730 1153 societas
755 1097 873 1168 nostra,
904 1094 1085 1169 temperavit
1117 1094 1231 1153 dietum
1258 1097 1289 1154 et

267 1186 312 1244 ait
337 1203 398 1243 non
420 1186 498 1243 tales
517 1201 633 1257 sumus,
656 1184 691 1241 ut
708 1181 822 1258 pudeat
838 1184 869 1241 te
887 1183 920 1239 in
939 1181 1105 1241 amicitiam
1123 1182 1287 1259 suscepisse

267 1274 422 1334 Troianos.
466 1290 520 1331 aec
550 1276 647 1331 oestro
677 1272 789 1345 forster
818 1274 904 1347 foma
936 1272 1022 1331 teob:
1057 1290 1112 1330 nec
1141 1292 1196 1349 pro
1228 1272 1289 1332 levi

267 1363 402 1422 ducimus
422 1359 565 1439 quicquid
582 1362 615 1419 in
628 1359 778 1437 praesenti
795 1361 990 1436 praestiteris.
1021 1361 1131 1420 tantive
1149 1361 1290 1421 abolescet

222 1470 249 1509 ro
264 1453 366 1527 pratia
398 1452 491 1525 fecti:
524 1452 577 1509 aut
609 1449 783 1509 istiusmodi
822 1450 937 1508 factum
973 1450 1078 1526 aliqua
1110 1470 1145 1508 ex
1177 1452 1288 1509 nostris

267 1540 402 1600 sensibus
435 1538 569 1617 deterget
601 1538 721 1597 oblivio.
766 1555 819 1597 oce
851 1539 970 1597 fficiam
998 1536 1148 1598 Ausonios
1177 1541 1287 1613 premio

268 1630 411 1702 excepisse
429 1629 552 1703 pipcbit:
577 1628 813 1706 gratulabuntur
835 1626 965 1687 Ausonii
983 1647 1038 1688 nos
1062 1628 1119 1687 sibi
1138 1629 1288 1688 amicitiae

267 1718 437 1777 foederibus
466 1736 529 1779 esse
559 1719 740 1777 coniunctos.
786 1717 844 1776 hoo
873 1735 980 1795 genere
1009 1716 1193 1777 commodius
1223 1718 1287 1776 fore

267 1806 447 1885 generaliter
475 1805 616 1884 spondet3
646 1806 819 1883 specialitas
848 1807 942 1880 enim,
971 1807 998 1865 si
1025 1804 1162 1865 definiret
1192 1807 1288 1866 futuri

223 1910 249 1951 re
266 1897 410 1973 temporis
429 1915 526 1973 spem,
543 1896 628 1956 fieret
644 1896 752 1969 levior,
775 1894 808 1954 in
826 1894 944 1954 infinito
963 1914 1033 1956 vero
1052 1896 1199 1972 promisso
1218 1896 1287 1972 plus

267 1986 396 2046 sentitur
414 2006 507 2064 qnam
524 1988 626 2062 potest
644 1984 784 2044 exhiberi.
825 1988 896 2062 post
916 1986 1015 2043 multa
1034 2004 1111 2061 quae
1129 1985 1288 2044 suadenter

266 2077 383 2136 loeutus
415 2079 461 2135 est
493 2074 616 2134 adhibet
645 2074 855 2135 iusiurandum
892 2092 960 2132 cum
995 2075 1084 2133 laude
1115 2073 1195 2151 regis
1227 2074 1287 2133 sui:

264 2167 339 2240 foto,
358 2164 467 2242 inquit,
484 2182 538 2238 per
551 2161 669 2224 Aeneae
686 2165 753 2224 iusto
767 2164 955 2237 meamque
969 2168 1126 2238 potentem,
1151 2164 1212 2223 sice
1228 2164 1349 2237 adesse

266 2274 317 2314 seo
340 2256 406 2328 quis
429 2255 501 2315 betto
524 2258 566 2313 est
593 2258 727 2326 expones
752 2258 779 2312 et
803 2255 910 2312 armus
942 2253 1048 2314 laudat
1075 2273 1195 2330 quoque
1223 2255 1287 2313 eius

222 2357 248 2396 2⁰
265 2345 368 2419 fidem,
387 2363 465 2421 quae
483 2344 532 2402 vel
550 2344 679 2402 maxime
693 2344 815 2421 negotio
829 2361 925 2402 novae
940 2343 1091 2403 amicitiae
1106 2345 1136 2401 et
1149 2343 1287 2402 firmitati

266 2432 393 2492 foederis
417 2434 518 2491 iuerat
540 2433 715 2492 necessaria.
757 2450 824 2491 ecoe
843 2431 928 2490 addit
946 2432 1042 2507 aliud,
1065 2451 1125 2509 quo
1148 2433 1288 2492 ostendat

268 2521 447 2581 concedendi
475 2521 684 2581 necessitatem
713 2523 744 2579 et
772 2522 915 2580 meritum
943 2520 1111 2597 petentium
1141 2522 1286 2581 cumulet:

267 2611 366 2679 multi,
393 2611 507 2687 inquit,
535 2628 590 2670 cos
613 2611 730 2684 populi,
758 2611 868 2669 multoe
896 2605 948 2688 (ne
975 2614 1080 2679 temne,
1111 2611 1188 2683 qood
1209 2611 1286 2669 citro
1364 2655 1368 2663 .

262 2699 463 2772 praefecisses
489 2701 627 2758 manibus
653 2700 742 2758 citios
769 2717 805 2757 oe
826 2700 916 2757 cerba
934 2699 1104 2773 precantia)
1135 2703 1161 2757 et
1178 2701 1287 2772 petiere

222 2798 249 2839 ²⁵
267 2788 325 2846 sibi
347 2791 374 2846 et
394 2789 509 2847 coicere
532 2789 691 2861 odiwopere
715 2791 831 2861 pentes:
857 2788 946 2846 multi
972 2787 1079 2865 populi
1104 2794 1287 2864 rogaverunt

267 2877 401 2936 volentes
428 2876 485 2936 sibi
513 2876 637 2954 adiungi
666 2877 840 2936 societatem
868 2879 1015 2936 nostram:
1047 2895 1101 2935 nec
1129 2875 1206 2935 dixit
1233 2878 1287 2953 qui

267 2985 321 3025 nec
349 2964 426 3024 dixit
455 2967 575 3040 quanti,
604 2968 640 3023 ut
668 2963 748 3041 quod
772 2964 929 3024 adserebat
951 2966 1115 3026 extolleret.
1159 2965 1286 3025 multae:

266 3055 315 3115 hie
346 3053 555 3131 suspendenda
585 3055 794 3131 pronuntiatio
831 3058 891 3129 est,
928 3055 1070 3130 quoniam
1105 3054 1287 3130 interposuit

265 3165 328 3204 rem
365 3143 576 3220 necessariam
617 3145 648 3203 et
683 3162 720 3203 ne
750 3146 937 3218 contemnas,
976 3143 1091 3220 inquit,
1126 3162 1286 3221 personam

221 3245 248 3285 ³⁰
266 3235 448 3311 supplicum,
480 3234 551 3310 quia
579 3233 660 3292 ultro
687 3232 824 3292 venimus
847 3250 948 3309 preces
970 3232 1028 3292 tibi
1054 3232 1226 3293 fundentes:
1255 3238 1287 3292 et

265 3325 449 3401 rogaverunt
475 3340 529 3381 nos
556 3323 670 3382 multae
698 3326 802 3400 gentes
830 3325 861 3380 et
887 3322 1047 3381 voluerunt
1069 3323 1157 3381 multi
1179 3324 1286 3399 populi

339 3511 484 3565 loeeerori
501 3508 528 3563 V
547 3525 592 3564 -re
610 3508 654 3563 ed.
714 3509 881 3564 9aboiesect
898 3508 924 3562 V
942 3510 1071 3564 abolescit
1087 3509 1131 3563 ed.
1190 3514 1222 3562 1‘1
1241 3511 1287 3563 sui

266 3582 359 3636 diceas
377 3581 479 3635 omisso
509 3585 542 3635 18
561 3581 654 3649 inquit
671 3580 714 3635 ad.
761 3584 796 3633 20
813 3580 1044 3648 ficissitctinis
1062 3580 1105 3635 ed.
1152 3579 1286 3649 21qu

265 3653 338 3722 qaod
356 3652 399 3706 ed.
468 3656 503 3706 28
522 3653 603 3707 multi
619 3649 750 3720 ieqaitV
768 3652 837 3706 dicit
854 3653 927 3707 euim
944 3653 1025 3707 malti
1043 3652 1086 3706 ed.
1153 3657 1188 3705 25
1206 3667 1287 3718 coqu-

265 3730 364 3778 oerceet
376 3722 402 3776 V
419 3741 443 3779 r.
456 3739 507 3779 eos
526 3722 569 3776 ed.
629 3727 663 3776 Ἡ
678 3723 821 3778 αὰεενοὺαε
832 3722 859 3776 V
876 3725 1010 3792 offerebat
1023 3723 1071 3778 cd.
1086 3723 1103 3793 i
1116 3719 1241 3776 aeuus
1259 3719 1312 3769 en.

266 3796 367 3849 maleae
385 3811 444 3850 nos.
500 3799 534 3849 29
552 3811 602 3849 aee
619 3793 699 3852 Vae
716 3793 760 3852 ed.
787 3794 792 3870 i
816 3795 1013 3868 persoeeomV
1038 3811 1114 3851 aas
1132 3793 1184 3846 ed.
1239 3789 1285 3837 ab
1302 3788 1332 3832 ea

265 3872 431 3934 vocaveram
448 3864 510 3920 Vr.
525 3867 599 3924 enain
617 3867 662 3926 ed.
741 3874 774 3926 81
796 3871 954 3930 commeat
970 3869 998 3926 V
1021 3885 1079 3924 reos
1097 3863 1175 3920 add.
1195 3857 1249 3910 eb.
