3142 4375
304 460 326 525 6
586 456 726 511 DONATI
742 455 913 511 INTERPR.
926 455 1035 510 VERG.

303 628 382 685 esset
408 646 444 685 ex
471 626 528 685 hoc
556 627 623 703 ipso
650 624 819 704 legentibus
846 624 998 703 cognitus,
1019 624 1099 682 hunc
1120 622 1323 699 praetermisit

301 716 359 774 hoc
380 715 460 791 loco;
481 715 585 775 eadem
606 718 708 774 tamen
730 715 813 774 facta
833 714 970 792 intellegi
992 712 1102 772 debent
1121 714 1160 786 ct,
1179 712 1254 789 quia
1272 731 1320 771 ex·

302 805 458 880 equiarnm
479 804 665 864 sollemnitas
688 804 838 880 sepulchri
859 802 1033 882 adgestione
1055 802 1221 880 perficitur,
1243 800 1322 860 dixit

302 897 462 970 utrumque
493 895 673 971 conpletum.
722 898 881 967 postquam
917 894 980 951 olto
1015 892 1152 964 querunt
1181 907 1320 964 αεςμονα,

303 983 393 1041 tendit
418 985 474 1041 iter
501 984 573 1041 celis
598 987 774 1056 portumque
802 983 926 1055 reliquit.
979 982 1137 1053 adspirant
1165 996 1259 1039 aurae
1288 982 1321 1039 ta
1352 996 1361 1036 s

302 1076 412 1130 nedem
436 1089 490 1131 nec
516 1072 645 1131 confide
672 1089 791 1131 cursam
818 1073 890 1131 lurra
919 1074 1018 1145 nepot,
1046 1069 1177 1142 abacta
1198 1070 1321 1127 aemulo

302 1162 357 1219 aab
379 1161 488 1219 lmine
510 1166 634 1234 pontus:
668 1163 738 1237 post
764 1180 866 1220 arram
889 1160 1010 1219 Caietae
1038 1158 1205 1235 depositam
1233 1162 1321 1233 opor·

302 1250 417 1309 turritas
445 1250 610 1328 navigandi
641 1253 761 1309 matura
794 1253 825 1309 et
856 1249 1012 1309 commoda
1045 1247 1171 1307 subinde
1204 1265 1321 1307 succes-

303 1342 395 1414 serat3
424 1358 495 1397 nam
523 1343 554 1399 et
581 1358 664 1399 mare
692 1358 728 1398 ex
756 1340 833 1414 alto,
862 1340 919 1397 hoc
946 1342 992 1397 est
1013 1337 1129 1396 tumido
1153 1339 1183 1396 et
1204 1335 1322 1411 inflato,

302 1428 454 1503 placidum
471 1428 531 1488 fnit
552 1422 753 1509 (usqueadeo
772 1448 832 1487 non
850 1430 883 1487 in
901 1427 1080 1501 demersum,
1100 1425 1200 1485 sedin
1218 1444 1322 1502 super·
1340 1444 1361 1482 u

302 1517 368 1577 iore
396 1536 571 1595 suspensum
600 1517 739 1578 debemus
770 1519 916 1594 accipere,
945 1520 981 1575 ut
1006 1519 1072 1593 ipse
1099 1518 1189 1591 poeta
1215 1513 1322 1573 eodem

302 1607 367 1666 loco
381 1606 489 1666 dixerit
502 1610 651 1683 quierunt,
665 1607 788 1685 altaque
806 1608 833 1667 si
845 1609 941 1679 erant,
957 1608 1075 1666 constat
1092 1605 1185 1663 fuisse
1202 1605 1321 1661 tumen·

301 1689 360 1778 sia)
383 1699 415 1755 et
435 1716 526 1757 aurae
548 1699 646 1757 noctis
667 1717 728 1756 non
751 1696 881 1756 deerant.
921 1698 1019 1755 metus
1045 1695 1143 1754 omnis
1165 1694 1208 1752 sic
1231 1692 1321 1768 afuit,

301 1789 336 1844 ut
362 1787 454 1845 etiam
480 1787 616 1847 inlustris
641 1786 729 1845 lunae
757 1786 934 1864 suffragium
961 1787 1082 1863 gratum
1104 1782 1205 1860 potius
1228 1801 1320 1858 quam

301 1875 480 1936 horrendum
502 1876 613 1935 faceret
635 1876 771 1954 pelagus.
817 1876 877 1935 alio
900 1875 965 1933 loco
992 1865 1111 1954 (5,11)
1139 1872 1240 1949 posuit
1266 1874 1320 1945 „et
1339 1888 1361 1927 u

300 1963 451 2024 inhorruit
471 1966 554 2024 unda
575 1964 736 2040 tenebris“,
762 1966 812 2023 hic
834 1983 919 2039 vero,
943 1965 1015 2039 quia
1036 1964 1124 2021 tanta
1146 1959 1319 2038 navigantis

301 2052 430 2112 felicitas
453 2054 526 2128 fuit,
548 2058 584 2114 ut
605 2056 680 2114 luna
702 2054 814 2114 faceret
836 2052 1027 2130 splendidum
1045 2052 1127 2127 quod
1147 2048 1318 2111 formidolo-

301 2160 369 2202 sum
391 2161 454 2202 esse
478 2145 590 2221 potuit,
613 2145 757 2204 securitas
781 2139 983 2220 [plenissima]
1007 2141 1110 2200 timori
1128 2139 1315 2200 successerat.

249 2244 283 2292 10
297 2232 436 2304 proximu
455 2232 592 2293 (braccae
609 2235 757 2294 raduntur
775 2235 863 2292 litora
880 2237 989 2291 terrae·
1010 2230 1175 2307 inprudens
1191 2229 1315 2298 Aeneae,

301 2323 406 2397 utpote
435 2323 487 2398 qui
516 2323 581 2382 loca
608 2324 747 2398 nesciret,
775 2322 928 2381 ferebatur
954 2319 1089 2397 Neptuni
1116 2316 1256 2395 suffragio
1284 2316 1316 2372 et
1335 2331 1361 2370 2⁰

301 2411 380 2470 circa
402 2411 477 2482 loca,
497 2431 573 2486 quae
595 2413 712 2472 nescius
734 2414 884 2471 incurrere
907 2411 1063 2487 potuisset,
1083 2408 1207 2467 radebat
1228 2421 1316 2463 cursu

301 2501 500 2576 prosperrimo
519 2504 549 2560 et
572 2501 644 2579 quid
666 2503 729 2560 illic
752 2520 821 2560 cum
844 2499 932 2560 sociis
955 2498 1073 2576 perpeti
1094 2498 1243 2574 potuisset
1264 2513 1316 2552 au·

301 2589 408 2649 diendo
427 2590 567 2650 discebat.
604 2591 781 2649 describitur
805 2609 881 2666 quae
904 2589 968 2647 illic
991 2587 1175 2647 consuetudo
1198 2583 1318 2644 Circaea

300 2681 452 2738 teneretur
474 2682 505 2739 et
527 2698 604 2755 quae
627 2679 696 2738 inde
717 2681 893 2738 audirentur
911 2680 1015 2754 aperta
1034 2676 1232 2751 descriptione
1250 2691 1317 2731 nar·

300 2771 399 2828 ratur:
428 2769 509 2828 dices
530 2770 692 2827 inaccessos
712 2769 763 2827 ubi
782 2768 860 2827 Solis
876 2768 943 2840 filia
961 2768 1040 2825 lacos
1059 2765 1184 2825 adsiduo
1202 2764 1319 2821 resonat
1337 2776 1361 2815 sc

301 2862 388 2916 caetu
410 2860 544 2930 udaque
565 2859 698 2930 superbis
720 2858 781 2915 urit
802 2858 955 2916 odoratam
977 2859 1121 2914 moturae
1144 2855 1177 2911 in
1205 2851 1319 2909 timim

301 2946 418 3005 cedam
449 2951 552 3020 arpalo
586 2948 680 3004 tenuis
708 2964 886 3018 percurrens
916 2947 1030 3018 pectine
1063 2944 1150 3002 telas:
1199 2941 1231 2998 in
1262 2939 1319 3012 his,

372 3133 552 3202 ietqaacV
566 3134 608 3188 ed.
625 3135 729 3201 etqaia
745 3150 803 3187 nos.
851 3132 1073 3202 areliuquited.
1121 3135 1154 3183 10
1173 3128 1236 3182 iude
1250 3143 1318 3180 mer-

300 3222 361 3260 sum
373 3203 399 3258 V
413 3205 465 3272 ed„
483 3206 531 3259 sed
551 3205 585 3258 cf.
600 3212 625 3271 6,
636 3210 695 3258 578.
718 3205 721 3275 l
742 3204 920 3273 superioraV
933 3206 1071 3274 superiore
1085 3202 1129 3257 ed.
1195 3205 1226 3252 11
1246 3204 1319 3251 ut—

302 3281 334 3330 12
353 3277 455 3331 dicerit
467 3276 493 3329 V
511 3277 654 3331 er—dicc'r
676 3276 719 3329 ed.
798 3283 831 3330 12
854 3283 989 3346 quaerant
1001 3274 1028 3327 V
1046 3277 1173 3343 quierat
1193 3269 1238 3323 ed.
1257 3270 1318 3337 pui-

300 3354 381 3403 erwut
403 3364 460 3401 nos.
491 3348 494 3420 l
524 3349 583 3402 alto
605 3365 674 3416 qaae
694 3346 720 3399 V
743 3349 851 3416 altaque
874 3363 925 3400 nos
949 3364 1069 3416 aequora
1093 3345 1227 3411 interpos.
1246 3339 1290 3393 ed.
1314 3341 1316 3409 t

299 3418 478 3474 bwncutiaV
496 3418 539 3473 ed.
600 3424 633 3472 13
651 3419 755 3473 baares
773 3418 807 3473 V.
865 3421 1080 3487 reposcerem.
1101 3415 1144 3469 ed.
1201 3413 1320 3479 reposo

299 3492 432 3545 seomtcs
458 3490 581 3559 spatium
607 3490 755 3544 duodecim
783 3490 941 3544 litterarum
967 3491 1063 3554 vacat,
1092 3485 1219 3555 sequitur
1245 3497 1320 3536 more

300 3561 504 3616 mearantV
527 3562 637 3632 explevi
658 3563 820 3632 plenissimo
843 3562 966 3615 inserens
990 3563 1020 3615 et
1041 3560 1134 3614 timori
1157 3552 1319 3618 emendans,

300 3635 405 3687 temere
422 3635 490 3687 mut.
506 3633 549 3687 ed.
604 3640 718 3688 21-22
736 3634 886 3687 radebatur
904 3650 987 3702 supro
1005 3633 1138 3701 sperrimo
1151 3627 1177 3680 V
1195 3643 1217 3680 r.
1235 3639 1319 3678 arras

295 3706 480 3773 prosperrimo
503 3704 546 3758 ed.
573 3706 687 3760 rodebat
712 3723 733 3760 c.
747 3722 793 3774 pr.
812 3721 869 3758 nos.
944 3711 977 3758 22
1001 3702 1140 3757 audiendo
1163 3697 1269 3778 dicebat
1294 3692 1319 3746 V

300 3775 419 3840 discebat
440 3791 491 3829 nos
514 3777 638 3845 corrupit
659 3777 702 3831 ed.
781 3781 814 3830 23
835 3778 923 3832 circeo
939 3776 965 3829 V
984 3777 1098 3831 Circaea
1117 3771 1160 3826 ed.
1180 3788 1199 3825 a
1218 3767 1318 3822 Ocrea?

301 3851 334 3901 st
353 3846 521 3902 cacdnanV
548 3849 589 3917 (et
616 3847 716 3917 infraq.
