3142 4375
629 540 885 597 muumosxu
1202 543 1270 610 563

247 714 345 771 rasset
359 709 484 771 celerius
498 709 642 771 interiret.
665 710 755 770 simul
769 710 862 769 etiam
870 710 973 770 docuit
986 710 1060 771 artis
1074 710 1271 771 necessariam

248 801 380 877 partem3
402 818 474 859 nam
496 800 601 860 modus
625 802 671 859 est
693 801 791 858 certus
813 818 873 875 quo
896 799 1025 861 candens
1043 802 1156 861 ferrum
1174 818 1271 877 aquae

248 888 377 968 trigidae
400 889 560 968 mergitur,
582 890 619 947 ut
641 908 676 949 ex
698 890 827 964 utroque
845 890 1046 965 temperatum
1064 909 1119 949 nec
1142 890 1272 950 dissiliat

249 978 324 1039 setis
347 979 456 1038 durum
478 997 532 1038 nec
554 996 675 1038 rursum
697 978 837 1037 inefficax
859 978 926 1053 fiat,
950 979 976 1038 si
999 980 1163 1055 plurimum
1180 979 1272 1039 fuerit

217 1068 347 1128 smolie.
393 1070 473 1137 aaa,
501 1068 558 1127 hoc
580 1072 626 1127 est
649 1065 767 1142 exinde,
797 1084 871 1141 qaae
894 1068 999 1127 medias
1025 1070 1137 1143 inperata·
1159 1069 1273 1128 watra

250 1158 386 1217 atoma
413 1158 535 1217 aedibus
563 1157 701 1216 adstabat
726 1156 859 1215 tabidam
884 1158 916 1215 ot
939 1158 1061 1230 corripit
1081 1158 1212 1217 hastam:
1242 1160 1273 1216 et

249 1247 369 1306 hastam
386 1245 493 1305 laudat
512 1249 543 1305 et
560 1245 800 1325 magnitudinem
817 1264 904 1305 suam
922 1249 952 1305 et
970 1246 1105 1305 Turnum
1123 1246 1177 1323 qui
1194 1248 1273 1307 hanc

249 1337 370 1412 poterat
392 1335 514 1395 virtutis
537 1337 668 1396 tractare
691 1334 868 1395 substantia.
911 1336 999 1395 hasta
1022 1335 1177 1410 laudatur,
1200 1336 1273 1411 quia

249 1427 315 1484 tam
336 1442 448 1502 magna
470 1425 542 1501 fuit,
571 1428 608 1484 ut
634 1424 765 1503 ingentis
794 1425 951 1483 columnae
980 1424 1170 1484 adminiculis
1193 1427 1272 1483 stare

206 1532 231 1571 ro
250 1515 352 1590 posset
375 1517 405 1573 et
427 1515 505 1592 regi,
529 1514 611 1590 quod
632 1514 680 1590 fit,
707 1534 744 1572 ne
770 1517 913 1573 curvatae
935 1515 1040 1574 hastae
1062 1532 1151 1573 usum
1172 1532 1272 1573 neces-

251 1604 365 1663 sarium
394 1604 530 1680 perdant.
575 1605 666 1679 hanc,
696 1603 767 1663 licet
795 1605 873 1662 esset
899 1622 954 1679 pro
982 1622 1037 1663 sua
1064 1603 1272 1681 magnitudine
1314 1627 1317 1632 ·

250 1692 430 1769 ponderosa,
461 1694 565 1769 rapuit
587 1693 719 1768 Turnus3
748 1693 828 1751 tanti
854 1694 935 1769 enim
957 1694 1049 1753 etiam
1070 1693 1135 1769 ipse
1157 1691 1273 1752 roboris

250 1782 323 1856 fuit,
346 1784 383 1840 ut
404 1781 490 1841 illam
517 1801 578 1842 non
603 1782 734 1855 tolleret,
764 1780 817 1842 sed
840 1782 1011 1858 corriperet
1057 1782 1203 1858 corripere
1227 1786 1274 1842 est

251 1869 368 1947 aliquid
397 1872 460 1931 sine
488 1874 598 1931 conatu
628 1890 662 1931 aa
692 1870 872 1930 difficultate
902 1871 1149 1948 conprehendere.
1194 1872 1273 1931 hanc

207 1976 232 2017 ro
250 1960 346 2039 igitur
369 1960 436 2019 aliis
459 1980 582 2039 gravem
606 1963 636 2020 et
663 1963 736 2020 satis
764 1978 921 2019 onerosam
944 1960 1064 2020 Turnus
1091 1961 1196 2037 rapuit
1217 1979 1272 2037 pro

251 2048 319 2109 levi.
365 2050 515 2109 rediturus
538 2050 577 2109 ad
606 2048 727 2109 laudem
747 2050 853 2109 hastae
884 2052 915 2108 et
938 2049 1019 2126 quod
1048 2050 1084 2108 de
1111 2069 1146 2109 ea
1172 2050 1272 2110 minus

252 2138 370 2198 dixerat
392 2140 524 2216 conplet:
554 2137 684 2209 Actoris,
707 2139 821 2216 inquit,
847 2136 986 2198 Aaraaai
1007 2140 1147 2213 speltam:
1177 2138 1273 2200 occiso

252 2228 356 2288 Actori
375 2228 517 2289 Aurunco
536 2229 634 2289 fuerat
652 2228 800 2304 detracta,
824 2227 915 2305 digna
938 2230 1053 2289 scilicet
1073 2248 1151 2306 quae
1173 2248 1273 2307 repor-

251 2320 349 2378 tatam
372 2318 408 2376 de
432 2318 596 2378 fortissimo
624 2318 688 2378 viro
711 2317 870 2378 victoriam
892 2320 1062 2377 testaretur.
1098 2323 1275 2391 quassatae

207 2424 234 2465 so
252 2411 417 2467 trementem
434 2409 614 2481 vociferans:
635 2407 713 2465 hanc
731 2406 919 2483 frequentius
943 2425 1130 2466 commovens
1151 2408 1198 2467 his
1222 2407 1273 2467 ad·
1293 2420 1326 2469 95

252 2497 370 2556 locutus
394 2500 440 2557 est
462 2498 592 2570 Turnus,
616 2513 686 2555 voce
710 2495 826 2554 scilicet
843 2496 938 2571 clara,
962 2497 1035 2571 quia
1052 2496 1157 2554 multis
1181 2496 1274 2555 animi

252 2586 480 2646 necessitatibus
505 2586 604 2644 tuerat
631 2583 788 2644 excitatus.
833 2587 1010 2644 trementem
1039 2585 1157 2661 proprie
1185 2584 1274 2659 dixit3

254 2675 399 2752 quicquid
432 2674 510 2732 enim
541 2675 665 2750 longum
695 2676 741 2732 est
770 2693 831 2733 non
864 2674 1025 2733 secundum
1054 2673 1274 2750 longitudinem

252 2763 388 2824 validum
424 2763 525 2822 tremit
554 2781 622 2822 oum
650 2763 744 2822 tuerit
771 2765 895 2821 motum.
945 2781 1037 2832 acac,
1068 2780 1084 2821 o
1113 2780 1275 2836 awmqaam

208 2869 235 2910 rs
252 2855 400 2927 frustrata
422 2856 541 2911 vocatas
562 2853 649 2911 hasta
671 2869 763 2911 meas:
791 2853 893 2926 hasta,
921 2853 1034 2927 inquit,
1058 2852 1159 2926 fortis,
1186 2852 1275 2911 hasta

253 2940 362 3000 ominis
380 2940 463 3014 boni,
488 2959 592 3018 quam,
612 2943 750 3018 quotiens
768 2941 921 3016 invocavi,
940 2941 1018 3000 sensi
1036 2940 1222 3000 commodam
1245 2943 1276 2999 et

254 3049 322 3090 oum
345 3048 405 3106 qua
428 3030 563 3107 superior
584 3032 715 3090 remeavi
737 3031 772 3089 de
797 3049 911 3107 campo.
943 3047 1023 3088 aaut
1045 3034 1157 3103 tempas
1180 3030 1276 3089 adest:

254 3120 398 3196 quoniam
416 3121 536 3198 gravior
553 3119 649 3179 hostis
669 3119 798 3179 occurrit
816 3122 847 3178 et
865 3118 941 3178 dura
954 3119 1111 3196 pugnandi
1131 3118 1276 3194 condicio,

254 3227 334 3269 nuno
358 3208 443 3269 adest
465 3211 582 3286 tempus
606 3212 643 3267 ut
664 3210 746 3268 ultra
769 3211 893 3270 solitum
915 3226 1028 3267 morem
1046 3209 1180 3268 favorem
1203 3211 1276 3267 tuae

209 3314 236 3356 ao
254 3298 377 3360 virtutis
401 3300 430 3356 et
448 3297 603 3357 felicitatis
622 3299 770 3358 ostendas.
802 3304 829 3357 tc
845 3299 995 3357 maximas
1013 3295 1112 3367 Actor,
1135 3303 1161 3357 tc
1180 3298 1278 3356 Tarni

254 3406 335 3448 aomo
352 3389 455 3447 deutra
470 3388 558 3462 perit:
581 3406 635 3447 neo
652 3387 761 3464 prioris
780 3386 894 3446 domini
912 3388 1052 3446 meritum
1068 3389 1098 3446 te
1113 3386 1276 3464 deprimere

255 3479 395 3538 convenit
424 3496 477 3536 neo
507 3476 681 3552 praesentis.
727 3495 800 3552 uon,
829 3477 943 3553 inquit,
974 3475 1144 3534 ceciderunt
1169 3478 1277 3536 merita

255 3569 309 3626 tua
331 3585 384 3626 nec
407 3568 477 3643 post
499 3566 579 3625 illius
598 3565 718 3626 Actoris
741 3566 864 3624 maximi
887 3584 1038 3624 excessum
1059 3565 1090 3623 te
1108 3566 1211 3641 portat
1233 3566 1276 3623 in-

325 3724 340 3770 1
360 3720 441 3772 emet
457 3717 537 3773 Ved,
557 3719 629 3774 artis
646 3735 708 3775 nos.
775 3723 792 3774 3
818 3719 933 3775 desiliat
955 3717 1004 3771 ed.
1068 3722 1230 3768 aarum
1252 3722 1316 3754 m·

246 3787 315 3838 edF.
380 3790 448 3841 cea
467 3790 569 3846 medice
588 3791 633 3846 ed.
701 3794 773 3850 tta
792 3791 907 3850 crais't
932 3790 1039 3847 sirici.
1058 3783 1163 3860 edd..
1200 3779 1243 3825 W
1266 3781 1356 3875 tm}

234 3860 277 3906 eet
293 3853 318 3904 V
331 3871 434 3926 που).
457 3860 531 3919 edF.
564 3863 570 3936 Ι
607 3874 736 3924 curvata
807 3885 888 3924 com.
910 3865 960 3922 ed·
1049 3862 1094 3912 Ϋῑ
1117 3865 1201 3907 ‘'m“
1225 3855 1291 3890 ‘m'
1310 3843 1384 3938 zei..

226 3925 264 3971 re
285 3928 399 3980 auctae·
419 3929 450 3984 V.
536 3941 576 3991 ar
597 3956 668 3998 eam
690 3959 786 4013 qoam
799 3942 845 3999 V.
932 3943 974 3994 aa
996 3915 1188 4005 quomodezi
1215 3916 1316 3976 ΨΜ

1160 4018 1223 4074 25ss*
