<?xml version="1.0" encoding="UTF-8"?>
<!DOCTYPE html PUBLIC "-//W3C//DTD XHTML 1.0 Transitional//EN"
    "http://www.w3.org/TR/xhtml1/DTD/xhtml1-transitional.dtd">
<html xmlns="http://www.w3.org/1999/xhtml" xml:lang="en" lang="en">
 <head>
  <title>
</title>
<meta http-equiv="Content-Type" content="text/html;charset=utf-8" />
  <meta name='ocr-system' content='tesseract 3.04.00' />
  <meta name='ocr-capabilities' content='ocr_page ocr_carea ocr_par ocr_line ocrx_word'/>
</head>
<body>
  <div class='ocr_page' id='page_1' title='image "./tibericlaudidon00unkngoog_0272.png"; bbox 0 0 3142 4375; ppageno 0'>
   <div class='ocr_carea' id='block_1_1' title="bbox 628 518 1257 589">
    <p class='ocr_par' dir='ltr' id='par_1_1' title="bbox 628 518 1257 589">
     <span class='ocr_line' id='line_1_1' title="bbox 628 518 1257 589; baseline 0.002 -16"><span class='ocrx_word' id='word_1_1' title='bbox 628 518 869 575; x_wconf 80' lang='lat' dir='ltr'><strong>nnnnmosnr</strong></span> <span class='ocrx_word' id='word_1_2' title='bbox 1192 523 1257 589; x_wconf 77' lang='lat'><strong>261</strong></span> 
     </span>
    </p>
   </div>
   <div class='ocr_carea' id='block_1_2' title="bbox 194 685 1321 3618">
    <p class='ocr_par' dir='ltr' id='par_1_2' title="bbox 194 685 1321 3618">
     <span class='ocr_line' id='line_1_2' title="bbox 241 685 1260 766; baseline 0.002 -20"><span class='ocrx_word' id='word_1_3' title='bbox 241 688 268 746; x_wconf 89' lang='lat' dir='ltr'><strong>si</strong></span> <span class='ocrx_word' id='word_1_4' title='bbox 286 685 422 763; x_wconf 86' lang='lat' dir='ltr'><strong>plurimis</strong></span> <span class='ocrx_word' id='word_1_5' title='bbox 442 686 635 763; x_wconf 86' lang='lat' dir='ltr'><strong>loqueretur?</strong></span> <span class='ocrx_word' id='word_1_6' title='bbox 663 690 803 764; x_wconf 86' lang='lat' dir='ltr'><strong>apparet,</strong></span> <span class='ocrx_word' id='word_1_7' title='bbox 823 686 936 766; x_wconf 84' lang='lat' dir='ltr'><strong>inquit,</strong></span> <span class='ocrx_word' id='word_1_8' title='bbox 954 691 984 748; x_wconf 90' lang='lat' dir='ltr'><strong>te</strong></span> <span class='ocrx_word' id='word_1_9' title='bbox 1003 708 1066 749; x_wconf 91' lang='lat' dir='ltr'><strong>esse</strong></span> <span class='ocrx_word' id='word_1_10' title='bbox 1085 688 1260 764; x_wconf 82' lang='lat' dir='ltr'><strong><em>dementem,</em></strong></span> 
     </span>
     <span class='ocr_line' id='line_1_3' title="bbox 241 776 1261 855; baseline 0.003 -20"><span class='ocrx_word' id='word_1_11' title='bbox 241 776 361 852; x_wconf 86' lang='lat' dir='ltr'><strong>quando</strong></span> <span class='ocrx_word' id='word_1_12' title='bbox 390 776 519 854; x_wconf 78' lang='lat' dir='ltr'><strong>sperasti</strong></span> <span class='ocrx_word' id='word_1_13' title='bbox 544 780 575 837; x_wconf 91' lang='lat' dir='ltr'><strong>te</strong></span> <span class='ocrx_word' id='word_1_14' title='bbox 602 795 684 837; x_wconf 86' lang='lat' dir='ltr'><strong>meas</strong></span> <span class='ocrx_word' id='word_1_15' title='bbox 711 795 819 837; x_wconf 88' lang='lat' dir='ltr'><strong>manus</strong></span> <span class='ocrx_word' id='word_1_16' title='bbox 847 796 1016 838; x_wconf 80' lang='lat' dir='ltr'><strong>evasurum.</strong></span> <span class='ocrx_word' id='word_1_17' title='bbox 1062 778 1182 855; x_wconf 88' lang='lat' dir='ltr'><strong>quando</strong></span> <span class='ocrx_word' id='word_1_18' title='bbox 1205 779 1261 838; x_wconf 89' lang='lat' dir='ltr'><strong>hoo</strong></span> 
     </span>
     <span class='ocr_line' id='line_1_4' title="bbox 239 865 1261 944; baseline 0.004 -21"><span class='ocrx_word' id='word_1_19' title='bbox 239 865 299 924; x_wconf 84' lang='lat' dir='ltr'><strong>tibi</strong></span> <span class='ocrx_word' id='word_1_20' title='bbox 320 865 478 942; x_wconf 85' lang='lat' dir='ltr'><strong>provenire</strong></span> <span class='ocrx_word' id='word_1_21' title='bbox 501 869 615 942; x_wconf 87' lang='lat' dir='ltr'><strong>posset,</strong></span> <span class='ocrx_word' id='word_1_22' title='bbox 642 869 678 926; x_wconf 85' lang='lat' dir='ltr'><strong>ut</strong></span> <span class='ocrx_word' id='word_1_23' title='bbox 700 866 829 941; x_wconf 71' lang='lat' dir='ltr'><strong>uvares,</strong></span> <span class='ocrx_word' id='word_1_24' title='bbox 856 866 910 943; x_wconf 89' lang='lat' dir='ltr'><strong>qui</strong></span> <span class='ocrx_word' id='word_1_25' title='bbox 931 871 1104 944; x_wconf 74' lang='lat' dir='ltr'>sequentem</span> <span class='ocrx_word' id='word_1_26' title='bbox 1127 868 1261 927; x_wconf 87' lang='lat' dir='ltr'><strong>Turnum</strong></span> 
     </span>
     <span class='ocr_line' id='line_1_5' title="bbox 239 955 1262 1033; baseline 0.001 -19"><span class='ocrx_word' id='word_1_27' title='bbox 239 957 326 1014; x_wconf 88' lang='lat' dir='ltr'><strong>ratus</strong></span> <span class='ocrx_word' id='word_1_28' title='bbox 345 973 375 1015; x_wconf 90' lang='lat' dir='ltr'><strong>es</strong></span> <span class='ocrx_word' id='word_1_29' title='bbox 394 956 499 1033; x_wconf 84' lang='lat' dir='ltr'><strong>fugam</strong></span> <span class='ocrx_word' id='word_1_30' title='bbox 516 957 601 1015; x_wconf 85' lang='lat' dir='ltr'><strong>tuam</strong></span> <span class='ocrx_word' id='word_1_31' title='bbox 619 955 795 1032; x_wconf 85' lang='lat' dir='ltr'><strong>praevenire</strong></span> <span class='ocrx_word' id='word_1_32' title='bbox 818 974 878 1015; x_wconf 92' lang='lat' dir='ltr'><strong>non</strong></span> <span class='ocrx_word' id='word_1_33' title='bbox 900 955 1007 1033; x_wconf 80' lang='lat' dir='ltr'><strong>posse?</strong></span> <span class='ocrx_word' id='word_1_34' title='bbox 1041 958 1131 1016; x_wconf 80' lang='lat' dir='ltr'><strong>simut</strong></span> <span class='ocrx_word' id='word_1_35' title='bbox 1154 958 1262 1030; x_wconf 78' lang='lat' dir='ltr'><em>arripit</em></span> 
     </span>
     <span class='ocr_line' id='line_1_6' title="bbox 205 1045 1260 1119; baseline 0.008 -21"><span class='ocrx_word' id='word_1_36' title='bbox 205 1045 339 1117; x_wconf 72' lang='lat' dir='ltr'><strong>saprum</strong></span> <span class='ocrx_word' id='word_1_37' title='bbox 360 1045 536 1117; x_wconf 73' lang='lat' dir='ltr'><strong><em>pendentem</em></strong></span> <span class='ocrx_word' id='word_1_38' title='bbox 559 1048 585 1104; x_wconf 87' lang='lat' dir='ltr'><strong>et</strong></span> <span class='ocrx_word' id='word_1_39' title='bbox 606 1062 716 1119; x_wconf 76' lang='lat' dir='ltr'><strong>rnapna</strong></span> <span class='ocrx_word' id='word_1_40' title='bbox 742 1046 823 1104; x_wconf 79' lang='lat' dir='ltr'><strong>nani</strong></span> <span class='ocrx_word' id='word_1_41' title='bbox 850 1062 915 1104; x_wconf 85' lang='lat' dir='ltr'><strong>ann</strong></span> <span class='ocrx_word' id='word_1_42' title='bbox 930 1049 1021 1119; x_wconf 79' lang='lat' dir='ltr'><strong>parte</strong></span> <span class='ocrx_word' id='word_1_43' title='bbox 1043 1047 1167 1105; x_wconf 76' lang='lat' dir='ltr'><strong>recellit:</strong></span> <span class='ocrx_word' id='word_1_44' title='bbox 1195 1065 1260 1106; x_wconf 87' lang='lat' dir='ltr'><strong>ecoe</strong></span> 
     </span>
     <span class='ocr_line' id='line_1_7' title="bbox 241 1133 1261 1212; baseline 0.003 -21"><span class='ocrx_word' id='word_1_45' title='bbox 241 1135 390 1209; x_wconf 85' lang='lat' dir='ltr'><strong>quantum</strong></span> <span class='ocrx_word' id='word_1_46' title='bbox 420 1133 539 1211; x_wconf 90' lang='lat' dir='ltr'><strong>proficit</strong></span> <span class='ocrx_word' id='word_1_47' title='bbox 567 1133 729 1210; x_wconf 77' lang='lat' dir='ltr'><strong>pernicitas</strong></span> <span class='ocrx_word' id='word_1_48' title='bbox 759 1133 867 1193; x_wconf 76' lang='lat' dir='ltr'><strong>Turnit</strong></span> <span class='ocrx_word' id='word_1_49' title='bbox 896 1135 959 1193; x_wconf 85' lang='lat' dir='ltr'><strong>iam</strong></span> <span class='ocrx_word' id='word_1_50' title='bbox 988 1138 1124 1195; x_wconf 83' lang='lat' dir='ltr'><strong>evaserat</strong></span> <span class='ocrx_word' id='word_1_51' title='bbox 1152 1134 1261 1212; x_wconf 88' lang='lat' dir='ltr'><strong>Lycus,</strong></span> 
     </span>
     <span class='ocr_line' id='line_1_8' title="bbox 240 1222 1260 1300; baseline 0.002 -19"><span class='ocrx_word' id='word_1_52' title='bbox 240 1223 303 1281; x_wconf 86' lang='lat' dir='ltr'><strong>iarn</strong></span> <span class='ocrx_word' id='word_1_53' title='bbox 320 1222 444 1282; x_wconf 88' lang='lat' dir='ltr'><strong>tenebat</strong></span> <span class='ocrx_word' id='word_1_54' title='bbox 461 1223 542 1298; x_wconf 85' lang='lat' dir='ltr'><strong>tuta,</strong></span> <span class='ocrx_word' id='word_1_55' title='bbox 566 1223 708 1299; x_wconf 88' lang='lat' dir='ltr'><strong>denique,</strong></span> <span class='ocrx_word' id='word_1_56' title='bbox 732 1242 801 1283; x_wconf 90' lang='lat' dir='ltr'><strong>cum</strong></span> <span class='ocrx_word' id='word_1_57' title='bbox 818 1244 887 1283; x_wconf 91' lang='lat' dir='ltr'><strong>eum</strong></span> <span class='ocrx_word' id='word_1_58' title='bbox 904 1223 1085 1300; x_wconf 75' lang='lat' dir='ltr'><strong><em>pendentem</em></strong></span> <span class='ocrx_word' id='word_1_59' title='bbox 1102 1224 1260 1300; x_wconf 86' lang='lat' dir='ltr'><strong>rapuisset,</strong></span> 
     </span>
     <span class='ocr_line' id='line_1_9' title="bbox 241 1311 1261 1388; baseline 0.003 -18"><span class='ocrx_word' id='word_1_60' title='bbox 241 1329 309 1370; x_wconf 91' lang='lat' dir='ltr'><strong>cum</strong></span> <span class='ocrx_word' id='word_1_61' title='bbox 331 1311 411 1370; x_wconf 88' lang='lat' dir='ltr'><strong>muri</strong></span> <span class='ocrx_word' id='word_1_62' title='bbox 433 1314 519 1388; x_wconf 88' lang='lat' dir='ltr'><strong>parte</strong></span> <span class='ocrx_word' id='word_1_63' title='bbox 543 1331 636 1387; x_wconf 86' lang='lat' dir='ltr'><strong>quam</strong></span> <span class='ocrx_word' id='word_1_64' title='bbox 664 1312 788 1371; x_wconf 85' lang='lat' dir='ltr'><strong>tenebat</strong></span> <span class='ocrx_word' id='word_1_65' title='bbox 815 1313 940 1373; x_wconf 81' lang='lat' dir='ltr'><strong>avulsus</strong></span> <span class='ocrx_word' id='word_1_66' title='bbox 963 1315 1016 1373; x_wconf 90' lang='lat' dir='ltr'><strong>cst.</strong></span> <span class='ocrx_word' id='word_1_67' title='bbox 1061 1314 1118 1373; x_wconf 88' lang='lat' dir='ltr'><strong>hoa</strong></span> <span class='ocrx_word' id='word_1_68' title='bbox 1147 1314 1261 1373; x_wconf 85' lang='lat' dir='ltr'><strong>factum</strong></span> 
     </span>
     <span class='ocr_line' id='line_1_10' title="bbox 241 1400 1260 1479; baseline 0.003 -20"><span class='ocrx_word' id='word_1_69' title='bbox 241 1404 287 1459; x_wconf 92' lang='lat' dir='ltr'><strong>est</strong></span> <span class='ocrx_word' id='word_1_70' title='bbox 310 1402 410 1460; x_wconf 84' lang='lat' dir='ltr'><strong>Turno</strong></span> <span class='ocrx_word' id='word_1_71' title='bbox 433 1400 587 1476; x_wconf 74' lang='lat' dir='ltr'><strong>loquente,</strong></span> <span class='ocrx_word' id='word_1_72' title='bbox 610 1419 648 1459; x_wconf 90' lang='lat' dir='ltr'><strong>ne</strong></span> <span class='ocrx_word' id='word_1_73' title='bbox 671 1401 809 1460; x_wconf 87' lang='lat' dir='ltr'><strong>effectum</strong></span> <span class='ocrx_word' id='word_1_74' title='bbox 831 1401 968 1479; x_wconf 75' lang='lat' dir='ltr'><strong>perderet</strong></span> <span class='ocrx_word' id='word_1_75' title='bbox 989 1400 1163 1479; x_wconf 85' lang='lat' dir='ltr'><strong>increpatio.</strong></span> <span class='ocrx_word' id='word_1_76' title='bbox 1203 1403 1260 1462; x_wconf 92' lang='lat' dir='ltr'><strong>hoc</strong></span> 
     </span>
     <span class='ocr_line' id='line_1_11' title="bbox 194 1488 1260 1568; baseline 0.001 -19"><span class='ocrx_word' id='word_1_77' title='bbox 194 1510 222 1549; x_wconf 84' lang='lat' dir='ltr'><strong>ro</strong></span> <span class='ocrx_word' id='word_1_78' title='bbox 241 1492 288 1550; x_wconf 89' lang='lat' dir='ltr'><strong>est</strong></span> <span class='ocrx_word' id='word_1_79' title='bbox 311 1489 391 1566; x_wconf 90' lang='lat' dir='ltr'><strong>quod</strong></span> <span class='ocrx_word' id='word_1_80' title='bbox 414 1490 458 1549; x_wconf 89' lang='lat' dir='ltr'><strong>ait</strong></span> <span class='ocrx_word' id='word_1_81' title='bbox 481 1489 571 1549; x_wconf 84' lang='lat' dir='ltr'><strong>simul</strong></span> <span class='ocrx_word' id='word_1_82' title='bbox 594 1490 702 1567; x_wconf 76' lang='lat' dir='ltr'><strong>arripit</strong></span> <span class='ocrx_word' id='word_1_83' title='bbox 723 1488 823 1568; x_wconf 73' lang='lat' dir='ltr'><strong>iprum</strong></span> <span class='ocrx_word' id='word_1_84' title='bbox 849 1490 1040 1568; x_wconf 78' lang='lat' dir='ltr'><strong><em>pendentem,</em></strong></span> <span class='ocrx_word' id='word_1_85' title='bbox 1067 1493 1103 1549; x_wconf 89' lang='lat' dir='ltr'><strong>ut</strong></span> <span class='ocrx_word' id='word_1_86' title='bbox 1125 1492 1260 1550; x_wconf 83' lang='lat' dir='ltr'><strong>Turnum</strong></span> 
     </span>
     <span class='ocr_line' id='line_1_12' title="bbox 241 1577 1260 1640; baseline 0.001 -2"><span class='ocrx_word' id='word_1_87' title='bbox 241 1584 272 1639; x_wconf 90' lang='lat' dir='ltr'><strong>et</strong></span> <span class='ocrx_word' id='word_1_88' title='bbox 305 1579 440 1639; x_wconf 89' lang='lat' dir='ltr'><strong>locutum</strong></span> <span class='ocrx_word' id='word_1_89' title='bbox 475 1596 537 1638; x_wconf 90' lang='lat' dir='ltr'><strong>esse</strong></span> <span class='ocrx_word' id='word_1_90' title='bbox 572 1581 602 1639; x_wconf 89' lang='lat' dir='ltr'><strong>et</strong></span> <span class='ocrx_word' id='word_1_91' title='bbox 634 1577 733 1640; x_wconf 78' lang='lat' dir='ltr'><strong>verbis</strong></span> <span class='ocrx_word' id='word_1_92' title='bbox 765 1579 879 1639; x_wconf 75' lang='lat' dir='ltr'><strong>factm</strong></span> <span class='ocrx_word' id='word_1_93' title='bbox 911 1580 1040 1639; x_wconf 80' lang='lat' dir='ltr'><strong>sociasse</strong></span> <span class='ocrx_word' id='word_1_94' title='bbox 1070 1583 1260 1639; x_wconf 85' lang='lat' dir='ltr'><strong>monstraret.</strong></span> 
     </span>
     <span class='ocr_line' id='line_1_13' title="bbox 241 1668 1261 1744; baseline 0.001 -18"><span class='ocrx_word' id='word_1_95' title='bbox 241 1669 339 1741; x_wconf 76' lang='lat' dir='ltr'><strong>quatis</strong></span> <span class='ocrx_word' id='word_1_96' title='bbox 356 1669 408 1726; x_wconf 87' lang='lat' dir='ltr'><strong>ube&#39;</strong></span> <span class='ocrx_word' id='word_1_97' title='bbox 426 1672 479 1726; x_wconf 87' lang='lat' dir='ltr'><strong>ant</strong></span> <span class='ocrx_word' id='word_1_98' title='bbox 496 1668 620 1741; x_wconf 80' lang='lat' dir='ltr'><strong>leporem</strong></span> <span class='ocrx_word' id='word_1_99' title='bbox 639 1672 691 1727; x_wconf 90' lang='lat' dir='ltr'><strong>ant</strong></span> <span class='ocrx_word' id='word_1_100' title='bbox 709 1668 846 1728; x_wconf 71' lang='lat' dir='ltr'><strong>candent</strong></span> <span class='ocrx_word' id='word_1_101' title='bbox 864 1686 981 1742; x_wconf 81' lang='lat' dir='ltr'><strong>corpore</strong></span> <span class='ocrx_word' id='word_1_102' title='bbox 999 1686 1120 1744; x_wconf 77' lang='lat' dir='ltr'><strong>cycnum</strong></span> <span class='ocrx_word' id='word_1_103' title='bbox 1143 1669 1261 1728; x_wconf 79' lang='lat' dir='ltr'><strong>sustulit</strong></span> 
     </span>
     <span class='ocr_line' id='line_1_14' title="bbox 242 1757 1259 1841; baseline 0.001 -25"><span class='ocrx_word' id='word_1_104' title='bbox 242 1758 304 1817; x_wconf 83' lang='lat' dir='ltr'><strong>atta</strong></span> <span class='ocrx_word' id='word_1_105' title='bbox 324 1761 424 1830; x_wconf 79' lang='lat' dir='ltr'><strong>petens</strong></span> <span class='ocrx_word' id='word_1_106' title='bbox 444 1757 572 1829; x_wconf 81' lang='lat' dir='ltr'><strong>pedibus</strong></span> <span class='ocrx_word' id='word_1_107' title='bbox 594 1757 677 1816; x_wconf 75' lang='lat' dir='ltr'><strong>Iocis</strong></span> <span class='ocrx_word' id='word_1_108' title='bbox 705 1759 833 1832; x_wconf 72' lang='lat' dir='ltr'><strong>armtper</strong></span> <span class='ocrx_word' id='word_1_109' title='bbox 858 1758 958 1817; x_wconf 74' lang='lat' dir='ltr'><strong>anas:</strong></span> <span class='ocrx_word' id='word_1_110' title='bbox 985 1758 1159 1841; x_wconf 78' lang='lat' dir='ltr'><strong>conparatio</strong></span> <span class='ocrx_word' id='word_1_111' title='bbox 1187 1778 1259 1834; x_wconf 86' lang='lat' dir='ltr'><strong>quo·</strong></span> 
     </span>
     <span class='ocr_line' id='line_1_15' title="bbox 241 1845 1260 1923; baseline 0.002 -18"><span class='ocrx_word' id='word_1_112' title='bbox 241 1846 330 1905; x_wconf 89' lang='lat' dir='ltr'><strong>modo</strong></span> <span class='ocrx_word' id='word_1_113' title='bbox 354 1846 471 1905; x_wconf 87' lang='lat' dir='ltr'><strong>Turnus</strong></span> <span class='ocrx_word' id='word_1_114' title='bbox 494 1846 597 1922; x_wconf 86' lang='lat' dir='ltr'><strong>rapuit</strong></span> <span class='ocrx_word' id='word_1_115' title='bbox 613 1845 741 1923; x_wconf 84' lang='lat' dir='ltr'><strong>Lycum:</strong></span> <span class='ocrx_word' id='word_1_116' title='bbox 765 1846 1017 1923; x_wconf 87' lang='lat' dir='ltr'><strong>quemadmodum</strong></span> <span class='ocrx_word' id='word_1_117' title='bbox 1040 1848 1129 1921; x_wconf 85' lang='lat' dir='ltr'><strong>solet,</strong></span> <span class='ocrx_word' id='word_1_118' title='bbox 1150 1846 1260 1923; x_wconf 84' lang='lat' dir='ltr'><strong>inquit,</strong></span> 
     </span>
     <span class='ocr_line' id='line_1_16' title="bbox 194 1935 1321 2014; baseline 0.002 -21"><span class='ocrx_word' id='word_1_119' title='bbox 194 1953 223 1993; x_wconf 83' lang='lat'><strong>15</strong></span> <span class='ocrx_word' id='word_1_120' title='bbox 242 1935 347 2012; x_wconf 86' lang='lat' dir='ltr'><strong>aquila</strong></span> <span class='ocrx_word' id='word_1_121' title='bbox 373 1935 523 2014; x_wconf 82' lang='lat' dir='ltr'><strong>unguibus</strong></span> <span class='ocrx_word' id='word_1_122' title='bbox 551 1935 683 2012; x_wconf 91' lang='lat' dir='ltr'><strong>leporem</strong></span> <span class='ocrx_word' id='word_1_123' title='bbox 707 1938 810 1995; x_wconf 86' lang='lat' dir='ltr'><strong>tenere</strong></span> <span class='ocrx_word' id='word_1_124' title='bbox 837 1935 885 1995; x_wconf 88' lang='lat' dir='ltr'><strong>vel</strong></span> <span class='ocrx_word' id='word_1_125' title='bbox 915 1954 1051 2013; x_wconf 88' lang='lat' dir='ltr'><strong>cycnum.</strong></span> <span class='ocrx_word' id='word_1_126' title='bbox 1097 1938 1321 2010; x_wconf 63' lang='lat' dir='ltr'><strong>succedaneos</strong></span> 
     </span>
     <span class='ocr_line' id='line_1_17' title="bbox 242 2025 1261 2100; baseline 0 -16"><span class='ocrx_word' id='word_1_127' title='bbox 242 2029 295 2084; x_wconf 87' lang='lat' dir='ltr'><strong>ant</strong></span> <span class='ocrx_word' id='word_1_128' title='bbox 311 2026 401 2084; x_wconf 77' lang='lat' dir='ltr'><strong>enutri</strong></span> <span class='ocrx_word' id='word_1_129' title='bbox 418 2026 518 2084; x_wconf 77' lang='lat' dir='ltr'><strong>nubtis</strong></span> <span class='ocrx_word' id='word_1_130' title='bbox 537 2025 684 2085; x_wconf 80' lang='lat' dir='ltr'><strong>balatibus</strong></span> <span class='ocrx_word' id='word_1_131' title='bbox 703 2043 814 2100; x_wconf 74' lang='lat' dir='ltr'><strong>apaan</strong></span> <span class='ocrx_word' id='word_1_132' title='bbox 826 2026 961 2085; x_wconf 75' lang='lat' dir='ltr'><strong>Martius</strong></span> <span class='ocrx_word' id='word_1_133' title='bbox 980 2044 1000 2085; x_wconf 94' lang='lat' dir='ltr'><strong>a</strong></span> <span class='ocrx_word' id='word_1_134' title='bbox 1017 2027 1142 2086; x_wconf 77' lang='lat' dir='ltr'><strong>stabulis</strong></span> <span class='ocrx_word' id='word_1_135' title='bbox 1159 2027 1261 2099; x_wconf 82' lang='lat' dir='ltr'><strong>rapuit</strong></span> 
     </span>
     <span class='ocr_line' id='line_1_18' title="bbox 243 2113 1259 2194; baseline 0.001 -22"><span class='ocrx_word' id='word_1_136' title='bbox 243 2115 344 2188; x_wconf 82' lang='lat' dir='ltr'><strong>lupas:</strong></span> <span class='ocrx_word' id='word_1_137' title='bbox 371 2117 427 2173; x_wconf 85' lang='lat' dir='ltr'><strong>aut</strong></span> <span class='ocrx_word' id='word_1_138' title='bbox 454 2114 602 2191; x_wconf 90' lang='lat' dir='ltr'><strong>quomodo</strong></span> <span class='ocrx_word' id='word_1_139' title='bbox 634 2113 712 2174; x_wconf 89' lang='lat' dir='ltr'><strong>solet</strong></span> <span class='ocrx_word' id='word_1_140' title='bbox 733 2114 822 2191; x_wconf 88' lang='lat' dir='ltr'><strong>lupus</strong></span> <span class='ocrx_word' id='word_1_141' title='bbox 851 2133 962 2194; x_wconf 84' lang='lat' dir='ltr'><strong>agnum</strong></span> <span class='ocrx_word' id='word_1_142' title='bbox 983 2115 1076 2175; x_wconf 84' lang='lat' dir='ltr'><strong>matri</strong></span> <span class='ocrx_word' id='word_1_143' title='bbox 1098 2114 1259 2193; x_wconf 80' lang='lat' dir='ltr'><strong>subripere.</strong></span> 
     </span>
     <span class='ocr_line' id='line_1_19' title="bbox 242 2204 1259 2282; baseline 0.002 -20"><span class='ocrx_word' id='word_1_144' title='bbox 242 2205 344 2280; x_wconf 82' lang='lat' dir='ltr'><strong>aquila</strong></span> <span class='ocrx_word' id='word_1_145' title='bbox 376 2207 407 2263; x_wconf 89' lang='lat' dir='ltr'><strong>et</strong></span> <span class='ocrx_word' id='word_1_146' title='bbox 437 2205 540 2282; x_wconf 87' lang='lat' dir='ltr'><strong>lupus,</strong></span> <span class='ocrx_word' id='word_1_147' title='bbox 578 2204 686 2280; x_wconf 84' lang='lat' dir='ltr'><strong>quibus</strong></span> <span class='ocrx_word' id='word_1_148' title='bbox 718 2205 855 2263; x_wconf 82' lang='lat' dir='ltr'><strong>Turnum</strong></span> <span class='ocrx_word' id='word_1_149' title='bbox 888 2205 1078 2282; x_wconf 85' lang='lat' dir='ltr'><strong>conparavit,</strong></span> <span class='ocrx_word' id='word_1_150' title='bbox 1101 2205 1259 2265; x_wconf 60' lang='lat' dir='ltr'><strong>,animalia</strong></span> 
     </span>
     <span class='ocr_line' id='line_1_20' title="bbox 243 2293 1259 2371; baseline 0.004 -21"><span class='ocrx_word' id='word_1_151' title='bbox 243 2296 313 2351; x_wconf 92' lang='lat' dir='ltr'><strong>sunt</strong></span> <span class='ocrx_word' id='word_1_152' title='bbox 340 2295 414 2353; x_wconf 87' lang='lat' dir='ltr'><strong>satis</strong></span> <span class='ocrx_word' id='word_1_153' title='bbox 442 2296 542 2353; x_wconf 86' lang='lat' dir='ltr'><strong>astuta</strong></span> <span class='ocrx_word' id='word_1_154' title='bbox 564 2296 595 2352; x_wconf 89' lang='lat' dir='ltr'><strong>et</strong></span> <span class='ocrx_word' id='word_1_155' title='bbox 617 2293 656 2352; x_wconf 87' lang='lat' dir='ltr'><strong>ad</strong></span> <span class='ocrx_word' id='word_1_156' title='bbox 678 2293 856 2370; x_wconf 85' lang='lat' dir='ltr'><strong>rapiendum</strong></span> <span class='ocrx_word' id='word_1_157' title='bbox 878 2295 1048 2370; x_wconf 85' lang='lat' dir='ltr'><strong>aptissima,</strong></span> <span class='ocrx_word' id='word_1_158' title='bbox 1075 2294 1160 2371; x_wconf 89' lang='lat' dir='ltr'><strong>lepus</strong></span> <span class='ocrx_word' id='word_1_159' title='bbox 1187 2314 1259 2354; x_wconf 85' lang='lat' dir='ltr'><strong>vero</strong></span> 
     </span>
     <span class='ocr_line' id='line_1_21' title="bbox 194 2382 1259 2460; baseline 0.006 -22"><span class='ocrx_word' id='word_1_160' title='bbox 194 2397 224 2438; x_wconf 81' lang='lat' dir='ltr'><strong>sc</strong></span> <span class='ocrx_word' id='word_1_161' title='bbox 242 2384 272 2440; x_wconf 89' lang='lat' dir='ltr'><strong>et</strong></span> <span class='ocrx_word' id='word_1_162' title='bbox 295 2399 404 2458; x_wconf 87' lang='lat' dir='ltr'><strong>cycnus</strong></span> <span class='ocrx_word' id='word_1_163' title='bbox 426 2401 543 2460; x_wconf 88' lang='lat' dir='ltr'><strong><em>semper</em></strong></span> <span class='ocrx_word' id='word_1_164' title='bbox 564 2382 693 2459; x_wconf 85' lang='lat' dir='ltr'><strong><em>praedae</em></strong></span> <span class='ocrx_word' id='word_1_165' title='bbox 716 2383 844 2443; x_wconf 88' lang='lat' dir='ltr'><strong>subiecti</strong></span> <span class='ocrx_word' id='word_1_166' title='bbox 868 2386 899 2443; x_wconf 90' lang='lat' dir='ltr'><strong>et</strong></span> <span class='ocrx_word' id='word_1_167' title='bbox 921 2402 995 2459; x_wconf 88' lang='lat' dir='ltr'><strong>qnos</strong></span> <span class='ocrx_word' id='word_1_168' title='bbox 1018 2402 1134 2460; x_wconf 88' lang='lat' dir='ltr'><strong>semper</strong></span> <span class='ocrx_word' id='word_1_169' title='bbox 1155 2383 1259 2444; x_wconf 86' lang='lat' dir='ltr'><strong>feritas</strong></span> 
     </span>
     <span class='ocr_line' id='line_1_22' title="bbox 242 2470 1260 2550; baseline 0.003 -22"><span class='ocrx_word' id='word_1_170' title='bbox 242 2473 329 2529; x_wconf 88' lang='lat' dir='ltr'><strong>tanta</strong></span> <span class='ocrx_word' id='word_1_171' title='bbox 361 2470 518 2547; x_wconf 76' lang='lat' dir='ltr'><strong>despiciat</strong></span> <span class='ocrx_word' id='word_1_172' title='bbox 568 2472 624 2530; x_wconf 89' lang='lat' dir='ltr'><strong>hoe</strong></span> <span class='ocrx_word' id='word_1_173' title='bbox 655 2472 751 2550; x_wconf 82' lang='lat' dir='ltr'><strong>igitur</strong></span> <span class='ocrx_word' id='word_1_174' title='bbox 787 2472 900 2532; x_wconf 85' lang='lat' dir='ltr'><strong>factum</strong></span> <span class='ocrx_word' id='word_1_175' title='bbox 934 2491 1001 2531; x_wconf 88' lang='lat' dir='ltr'><strong>cum</strong></span> <span class='ocrx_word' id='word_1_176' title='bbox 1033 2473 1151 2532; x_wconf 87' lang='lat' dir='ltr'><strong>Turnus</strong></span> <span class='ocrx_word' id='word_1_177' title='bbox 1183 2474 1260 2531; x_wconf 90' lang='lat' dir='ltr'><strong>mira</strong></span> 
     </span>
     <span class='ocr_line' id='line_1_23' title="bbox 242 2560 1260 2638; baseline 0.002 -20"><span class='ocrx_word' id='word_1_178' title='bbox 242 2560 394 2619; x_wconf 83' lang='lat' dir='ltr'><strong>celeritate</strong></span> <span class='ocrx_word' id='word_1_179' title='bbox 421 2561 600 2637; x_wconf 89' lang='lat' dir='ltr'><strong>conplesset,</strong></span> <span class='ocrx_word' id='word_1_180' title='bbox 629 2561 759 2634; x_wconf 77' lang='lat' dir='ltr'><strong>undique</strong></span> <span class='ocrx_word' id='word_1_181' title='bbox 788 2562 899 2620; x_wconf 84' lang='lat' dir='ltr'><strong>elamor</strong></span> <span class='ocrx_word' id='word_1_182' title='bbox 927 2562 1049 2633; x_wconf 61' lang='lat' dir='ltr'><strong>tabitam</strong></span> <span class='ocrx_word' id='word_1_183' title='bbox 1083 2563 1150 2638; x_wconf 91' lang='lat' dir='ltr'><strong>quis</strong></span> <span class='ocrx_word' id='word_1_184' title='bbox 1181 2563 1260 2620; x_wconf 90' lang='lat' dir='ltr'><strong>enim</strong></span> 
     </span>
     <span class='ocr_line' id='line_1_24' title="bbox 241 2648 1260 2710; baseline 0 -2"><span class='ocrx_word' id='word_1_185' title='bbox 241 2669 302 2708; x_wconf 91' lang='lat' dir='ltr'><strong>non</strong></span> <span class='ocrx_word' id='word_1_186' title='bbox 325 2648 463 2708; x_wconf 88' lang='lat' dir='ltr'><strong>laudaret</strong></span> <span class='ocrx_word' id='word_1_187' title='bbox 480 2649 623 2709; x_wconf 64' lang='lat' dir='ltr'><strong>mantem</strong></span> <span class='ocrx_word' id='word_1_188' title='bbox 640 2652 759 2710; x_wconf 87' lang='lat' dir='ltr'><strong>tantem</strong></span> <span class='ocrx_word' id='word_1_189' title='bbox 782 2652 813 2709; x_wconf 91' lang='lat' dir='ltr'><strong>et</strong></span> <span class='ocrx_word' id='word_1_190' title='bbox 834 2651 1003 2710; x_wconf 87' lang='lat' dir='ltr'><strong>velocitatis</strong></span> <span class='ocrx_word' id='word_1_191' title='bbox 1027 2649 1187 2710; x_wconf 79' lang='lat' dir='ltr'><strong>eventum?</strong></span> <span class='ocrx_word' id='word_1_192' title='bbox 1214 2651 1260 2709; x_wconf 81' lang='lat' dir='ltr'><strong>n&#39;n-</strong></span> 
     </span>
     <span class='ocr_line' id='line_1_25' title="bbox 241 2739 1259 2814; baseline 0.001 -18"><span class='ocrx_word' id='word_1_193' title='bbox 241 2739 356 2797; x_wconf 86' lang='lat' dir='ltr'><strong>eadnnt</strong></span> <span class='ocrx_word' id='word_1_194' title='bbox 391 2742 417 2796; x_wconf 84' lang='lat' dir='ltr'><strong>et</strong></span> <span class='ocrx_word' id='word_1_195' title='bbox 447 2741 546 2812; x_wconf 77' lang='lat' dir='ltr'><strong>fossas</strong></span> <span class='ocrx_word' id='word_1_196' title='bbox 582 2756 685 2813; x_wconf 75' lang='lat' dir='ltr'><strong>appare</strong></span> <span class='ocrx_word' id='word_1_197' title='bbox 717 2739 864 2814; x_wconf 81' lang='lat' dir='ltr'><strong>conplent:</strong></span> <span class='ocrx_word' id='word_1_198' title='bbox 900 2740 1015 2799; x_wconf 82' lang='lat' dir='ltr'><strong>occasio</strong></span> <span class='ocrx_word' id='word_1_199' title='bbox 1047 2759 1149 2799; x_wconf 88' lang='lat' dir='ltr'><strong>eorum</strong></span> <span class='ocrx_word' id='word_1_200' title='bbox 1182 2758 1259 2814; x_wconf 87' lang='lat' dir='ltr'><strong>quae</strong></span> 
     </span>
     <span class='ocr_line' id='line_1_26' title="bbox 194 2826 1260 2905; baseline 0.006 -23"><span class='ocrx_word' id='word_1_201' title='bbox 194 2841 222 2882; x_wconf 83' lang='lat' dir='ltr'><strong>es</strong></span> <span class='ocrx_word' id='word_1_202' title='bbox 242 2827 380 2887; x_wconf 85' lang='lat' dir='ltr'><strong>Troianis</strong></span> <span class='ocrx_word' id='word_1_203' title='bbox 413 2826 584 2887; x_wconf 86' lang='lat' dir='ltr'><strong>acciderant</strong></span> <span class='ocrx_word' id='word_1_204' title='bbox 616 2827 699 2888; x_wconf 85' lang='lat' dir='ltr'><strong><em>dedit</em></strong></span> <span class='ocrx_word' id='word_1_205' title='bbox 730 2828 854 2888; x_wconf 82' lang='lat' dir='ltr'><strong>Rutulis</strong></span> <span class='ocrx_word' id='word_1_206' title='bbox 886 2828 1048 2888; x_wconf 84' lang='lat' dir='ltr'><strong>invadendi</strong></span> <span class='ocrx_word' id='word_1_207' title='bbox 1081 2830 1198 2905; x_wconf 87' lang='lat' dir='ltr'><strong>copiam</strong></span> <span class='ocrx_word' id='word_1_208' title='bbox 1229 2830 1260 2888; x_wconf 86' lang='lat' dir='ltr'><strong>et</strong></span> 
     </span>
     <span class='ocr_line' id='line_1_27' title="bbox 242 2917 1260 2995; baseline -0.001 -19"><span class='ocrx_word' id='word_1_209' title='bbox 242 2917 432 2994; x_wconf 86' lang='lat' dir='ltr'><strong>congestione</strong></span> <span class='ocrx_word' id='word_1_210' title='bbox 456 2919 552 2976; x_wconf 87' lang='lat' dir='ltr'><strong>terrae</strong></span> <span class='ocrx_word' id='word_1_211' title='bbox 575 2917 671 2977; x_wconf 85' lang='lat' dir='ltr'><strong>fossas</strong></span> <span class='ocrx_word' id='word_1_212' title='bbox 694 2917 839 2995; x_wconf 83' lang='lat' dir='ltr'><strong>inplendi.</strong></span> <span class='ocrx_word' id='word_1_213' title='bbox 876 2919 1007 2977; x_wconf 79' lang='lat' dir='ltr'><strong>ardentis</strong></span> <span class='ocrx_word' id='word_1_214' title='bbox 1025 2918 1128 2976; x_wconf 86' lang='lat' dir='ltr'><strong>taedas</strong></span> <span class='ocrx_word' id='word_1_215' title='bbox 1147 2917 1201 2976; x_wconf 81' lang='lat' dir='ltr'><strong>alu</strong></span> <span class='ocrx_word' id='word_1_216' title='bbox 1220 2917 1260 2976; x_wconf 89' lang='lat' dir='ltr'><strong>ad</strong></span> 
     </span>
     <span class='ocr_line' id='line_1_28' title="bbox 240 3005 1259 3083; baseline 0.001 -20"><span class='ocrx_word' id='word_1_217' title='bbox 240 3007 364 3080; x_wconf 76' lang='lat' dir='ltr'><strong>fastipia</strong></span> <span class='ocrx_word' id='word_1_218' title='bbox 381 3007 507 3065; x_wconf 81' lang='lat' dir='ltr'><strong>iactant:</strong></span> <span class='ocrx_word' id='word_1_219' title='bbox 529 3005 634 3067; x_wconf 88' lang='lat' dir='ltr'><strong>evictis</strong></span> <span class='ocrx_word' id='word_1_220' title='bbox 657 3006 736 3066; x_wconf 88' lang='lat' dir='ltr'><strong>enim</strong></span> <span class='ocrx_word' id='word_1_221' title='bbox 759 3007 846 3067; x_wconf 82' lang='lat' dir='ltr'><strong>fossis</strong></span> <span class='ocrx_word' id='word_1_222' title='bbox 869 3007 958 3067; x_wconf 84' lang='lat' dir='ltr'><strong>facile</strong></span> <span class='ocrx_word' id='word_1_223' title='bbox 980 3025 1077 3083; x_wconf 90' lang='lat' dir='ltr'><strong>usque</strong></span> <span class='ocrx_word' id='word_1_224' title='bbox 1101 3006 1259 3083; x_wconf 79' lang='lat' dir='ltr'><strong>adipsum</strong></span> 
     </span>
     <span class='ocr_line' id='line_1_29' title="bbox 241 3094 1260 3172; baseline 0.001 -18"><span class='ocrx_word' id='word_1_225' title='bbox 241 3096 348 3154; x_wconf 85' lang='lat' dir='ltr'><strong>turrim</strong></span> <span class='ocrx_word' id='word_1_226' title='bbox 371 3094 473 3171; x_wconf 89' lang='lat' dir='ltr'><strong>potuit</strong></span> <span class='ocrx_word' id='word_1_227' title='bbox 495 3095 657 3172; x_wconf 86' lang='lat' dir='ltr'><strong>perveniri,</strong></span> <span class='ocrx_word' id='word_1_228' title='bbox 681 3114 740 3172; x_wconf 89' lang='lat' dir='ltr'><strong>quo</strong></span> <span class='ocrx_word' id='word_1_229' title='bbox 763 3096 877 3155; x_wconf 85' lang='lat' dir='ltr'><strong>factum</strong></span> <span class='ocrx_word' id='word_1_230' title='bbox 898 3099 944 3156; x_wconf 90' lang='lat' dir='ltr'><strong>est</strong></span> <span class='ocrx_word' id='word_1_231' title='bbox 965 3099 1112 3170; x_wconf 89' lang='lat' dir='ltr'><strong>utusque</strong></span> <span class='ocrx_word' id='word_1_232' title='bbox 1131 3095 1170 3154; x_wconf 82' lang='lat' dir='ltr'><strong>ad</strong></span> <span class='ocrx_word' id='word_1_233' title='bbox 1192 3096 1260 3171; x_wconf 89' lang='lat' dir='ltr'><strong>ipsa</strong></span> 
     </span>
     <span class='ocr_line' id='line_1_30' title="bbox 241 3183 1260 3262; baseline 0.002 -20"><span class='ocrx_word' id='word_1_234' title='bbox 241 3183 366 3262; x_wconf 80' lang='lat' dir='ltr'><strong>fastigia</strong></span> <span class='ocrx_word' id='word_1_235' title='bbox 394 3186 580 3244; x_wconf 83' lang='lat' dir='ltr'><strong>iactarentur</strong></span> <span class='ocrx_word' id='word_1_236' title='bbox 608 3185 701 3259; x_wconf 86' lang='lat' dir='ltr'><strong>faces,</strong></span> <span class='ocrx_word' id='word_1_237' title='bbox 730 3187 766 3244; x_wconf 87' lang='lat' dir='ltr'><strong>ut</strong></span> <span class='ocrx_word' id='word_1_238' title='bbox 793 3203 953 3244; x_wconf 84' lang='lat' dir='ltr'><strong>asummo</strong></span> <span class='ocrx_word' id='word_1_239' title='bbox 982 3186 1088 3245; x_wconf 89' lang='lat' dir='ltr'><strong>ardens</strong></span> <span class='ocrx_word' id='word_1_240' title='bbox 1117 3184 1260 3244; x_wconf 81' lang='lat' dir='ltr'><strong>inferiora</strong></span> 
     </span>
     <span class='ocr_line' id='line_1_31' title="bbox 194 3268 1260 3349; baseline 0.003 -21"><span class='ocrx_word' id='word_1_241' title='bbox 194 3289 223 3329; x_wconf 89' lang='lat' dir='ltr'><strong>so</strong></span> <span class='ocrx_word' id='word_1_242' title='bbox 241 3272 369 3333; x_wconf 85' lang='lat' dir='ltr'><strong>flammis</strong></span> <span class='ocrx_word' id='word_1_243' title='bbox 398 3275 429 3333; x_wconf 89' lang='lat' dir='ltr'><strong>et</strong></span> <span class='ocrx_word' id='word_1_244' title='bbox 455 3273 543 3332; x_wconf 89' lang='lat' dir='ltr'><strong>ruina</strong></span> <span class='ocrx_word' id='word_1_245' title='bbox 571 3273 727 3349; x_wconf 89' lang='lat' dir='ltr'><strong>deciperet.</strong></span> <span class='ocrx_word' id='word_1_246' title='bbox 772 3274 906 3332; x_wconf 80' lang='lat' dir='ltr'><strong>Ilioneus</strong></span> <span class='ocrx_word' id='word_1_247' title='bbox 935 3292 1007 3334; x_wconf 83' lang='lat' dir='ltr'><strong>sano</strong></span> <span class='ocrx_word' id='word_1_248' title='bbox 1037 3277 1121 3347; x_wconf 78' lang='lat' dir='ltr'><strong>atque</strong></span> <span class='ocrx_word' id='word_1_249' title='bbox 1149 3268 1260 3348; x_wconf 64' lang='lat' dir='ltr'><strong>e&#39;nyenn&#39;</strong></span> 
     </span>
     <span class='ocr_line' id='line_1_32' title="bbox 240 3362 1321 3437; baseline 0 -17"><span class='ocrx_word' id='word_1_250' title='bbox 240 3363 388 3436; x_wconf 59' lang='lat' dir='ltr'><strong>fragmine</strong></span> <span class='ocrx_word' id='word_1_251' title='bbox 405 3364 512 3421; x_wconf 78' lang='lat' dir='ltr'><strong>nantis</strong></span> <span class='ocrx_word' id='word_1_252' title='bbox 529 3362 683 3421; x_wconf 74' lang='lat' dir='ltr'><strong>Lucetium</strong></span> <span class='ocrx_word' id='word_1_253' title='bbox 702 3366 807 3436; x_wconf 81' lang='lat' dir='ltr'><strong>partae</strong></span> <span class='ocrx_word' id='word_1_254' title='bbox 824 3365 993 3422; x_wconf 74' lang='lat' dir='ltr'><strong>subeuntem</strong></span> <span class='ocrx_word' id='word_1_255' title='bbox 1010 3364 1142 3437; x_wconf 63' lang='lat' dir='ltr'><strong>unisque</strong></span> <span class='ocrx_word' id='word_1_256' title='bbox 1164 3364 1259 3436; x_wconf 83' lang='lat' dir='ltr'><strong>feren·</strong></span> <span class='ocrx_word' id='word_1_257' title='bbox 1269 3371 1321 3420; x_wconf 72' lang='lat'><strong>570</strong></span> 
     </span>
     <span class='ocr_line' id='line_1_33' title="bbox 240 3449 1260 3526; baseline 0.001 -16"><span class='ocrx_word' id='word_1_258' title='bbox 240 3457 309 3520; x_wconf 76' lang='lat' dir='ltr'><strong>tene,</strong></span> <span class='ocrx_word' id='word_1_259' title='bbox 340 3452 521 3510; x_wconf 70' lang='lat' dir='ltr'><strong>Buatbrbna</strong></span> <span class='ocrx_word' id='word_1_260' title='bbox 547 3451 650 3526; x_wconf 68' lang='lat' dir='ltr'><strong>Dicar,</strong></span> <span class='ocrx_word' id='word_1_261' title='bbox 683 3449 867 3526; x_wconf 70' lang='lat' dir='ltr'><strong>Corynaeum</strong></span> <span class='ocrx_word' id='word_1_262' title='bbox 894 3453 996 3510; x_wconf 80' lang='lat' dir='ltr'><strong>sternit</strong></span> <span class='ocrx_word' id='word_1_263' title='bbox 1021 3451 1140 3511; x_wconf 79' lang='lat' dir='ltr'><strong>Asilas:</strong></span> <span class='ocrx_word' id='word_1_264' title='bbox 1169 3452 1260 3511; x_wconf 90' lang='lat' dir='ltr'><strong>semel</strong></span> 
     </span>
     <span class='ocr_line' id='line_1_34' title="bbox 240 3540 1259 3618; baseline 0 -18"><span class='ocrx_word' id='word_1_265' title='bbox 240 3542 375 3618; x_wconf 91' lang='lat' dir='ltr'><strong>positum</strong></span> <span class='ocrx_word' id='word_1_266' title='bbox 403 3541 509 3600; x_wconf 88' lang='lat' dir='ltr'><strong>sternit</strong></span> <span class='ocrx_word' id='word_1_267' title='bbox 535 3543 582 3600; x_wconf 91' lang='lat' dir='ltr'><strong>ter</strong></span> <span class='ocrx_word' id='word_1_268' title='bbox 610 3540 829 3617; x_wconf 79' lang='lat' dir='ltr'><strong>accipiendum,</strong></span> <span class='ocrx_word' id='word_1_269' title='bbox 859 3542 1003 3617; x_wconf 89' lang='lat' dir='ltr'><strong>quoniam</strong></span> <span class='ocrx_word' id='word_1_270' title='bbox 1032 3540 1087 3599; x_wconf 89' lang='lat' dir='ltr'><strong>tris</strong></span> <span class='ocrx_word' id='word_1_271' title='bbox 1116 3560 1135 3599; x_wconf 88' lang='lat' dir='ltr'><strong>a</strong></span> <span class='ocrx_word' id='word_1_272' title='bbox 1162 3540 1259 3600; x_wconf 87' lang='lat' dir='ltr'><strong>tribus</strong></span> 
     </span>
    </p>
   </div>
   <div class='ocr_carea' id='block_1_3' title="bbox 241 3735 1274 3906">
    <p class='ocr_par' dir='ltr' id='par_1_3' title="bbox 241 3735 1274 3906">
     <span class='ocr_line' id='line_1_35' title="bbox 314 3735 1259 3834; baseline 0 -17"><span class='ocrx_word' id='word_1_273' title='bbox 314 3769 330 3816; x_wconf 82' lang='grc'><strong>6</strong></span> <span class='ocrx_word' id='word_1_274' title='bbox 349 3765 461 3833; x_wconf 74' lang='lat' dir='ltr'><strong>proficit</strong></span> <span class='ocrx_word' id='word_1_275' title='bbox 478 3735 504 3818; x_wconf 90' lang='lat' dir='ltr'>V</span> <span class='ocrx_word' id='word_1_276' title='bbox 522 3764 633 3834; x_wconf 77' lang='lat' dir='ltr'><strong>profuit</strong></span> <span class='ocrx_word' id='word_1_277' title='bbox 654 3763 698 3818; x_wconf 89' lang='lat' dir='ltr'><strong><em>ed.</em></strong></span> <span class='ocrx_word' id='word_1_278' title='bbox 771 3767 805 3816; x_wconf 75' lang='lat'><strong>23</strong></span> <span class='ocrx_word' id='word_1_279' title='bbox 824 3763 987 3819; x_wconf 63' lang='lat' dir='ltr'><strong>nudaretur</strong></span> <span class='ocrx_word' id='word_1_280' title='bbox 1004 3769 1093 3818; x_wconf 84' lang='lat' dir='ltr'><strong>antem</strong></span> <span class='ocrx_word' id='word_1_281' title='bbox 1112 3769 1220 3819; x_wconf 84' lang='lat' dir='ltr'><strong>tantam</strong></span> <span class='ocrx_word' id='word_1_282' title='bbox 1232 3762 1259 3817; x_wconf 94' lang='lat' dir='ltr'>V</span> 
     </span>
     <span class='ocr_line' id='line_1_36' title="bbox 241 3835 1274 3906; baseline -0.004 -17"><span class='ocrx_word' id='word_1_283' title='bbox 241 3836 259 3889; x_wconf 84' lang='lat' dir='ltr'><strong>b.</strong></span> <span class='ocrx_word' id='word_1_284' title='bbox 275 3851 330 3904; x_wconf 83' lang='lat' dir='ltr'><strong>pro</strong></span> <span class='ocrx_word' id='word_1_285' title='bbox 349 3841 389 3889; x_wconf 84' lang='lat' dir='ltr'><strong>ter</strong></span> <span class='ocrx_word' id='word_1_286' title='bbox 406 3841 515 3891; x_wconf 84' lang='lat' dir='ltr'><strong>tantun</strong></span> <span class='ocrx_word' id='word_1_287' title='bbox 534 3836 577 3890; x_wconf 91' lang='lat' dir='ltr'><strong><em>ed.</em></strong></span> <span class='ocrx_word' id='word_1_288' title='bbox 597 3836 726 3891; x_wconf 82' lang='lat' dir='ltr'><strong>laudaret</strong></span> <span class='ocrx_word' id='word_1_289' title='bbox 741 3836 869 3890; x_wconf 77' lang='lat' dir='ltr'><strong>virtutem</strong></span> <span class='ocrx_word' id='word_1_290' title='bbox 887 3840 997 3891; x_wconf 82' lang='lat' dir='ltr'><strong>tantan</strong></span> <span class='ocrx_word' id='word_1_291' title='bbox 1017 3841 1044 3890; x_wconf 83' lang='lat' dir='ltr'><strong>et</strong></span> <span class='ocrx_word' id='word_1_292' title='bbox 1061 3852 1129 3890; x_wconf 80' lang='lat' dir='ltr'><strong>nes.</strong></span> <span class='ocrx_word' id='word_1_293' title='bbox 1150 3835 1170 3906; x_wconf 57' lang='lat' dir='ltr'><strong>t</strong></span> <span class='ocrx_word' id='word_1_294' title='bbox 1193 3849 1274 3886; x_wconf 68' lang='lat' dir='ltr'><strong>mea·</strong></span> 
     </span>
    </p>
   </div>
   <div class='ocr_carea' id='block_1_4' title="bbox 241 3906 1053 3983">
    <p class='ocr_par' dir='ltr' id='par_1_4' title="bbox 241 3906 1053 3983">
     <span class='ocr_line' id='line_1_37' title="bbox 241 3906 1053 3983; baseline 0.002 -23"><span class='ocrx_word' id='word_1_295' title='bbox 241 3912 300 3961; x_wconf 83' lang='lat' dir='ltr'><strong>tune</strong></span> <span class='ocrx_word' id='word_1_296' title='bbox 358 3907 479 3972; x_wconf 75' lang='lat' dir='ltr'><strong>effectum</strong></span> <span class='ocrx_word' id='word_1_297' title='bbox 498 3906 539 3962; x_wconf 88' lang='lat' dir='ltr'><strong><em>ed.</em></strong></span> <span class='ocrx_word' id='word_1_298' title='bbox 614 3906 843 3983; x_wconf 73' lang='lat' dir='ltr'><strong>babenperaV</strong></span> <span class='ocrx_word' id='word_1_299' title='bbox 864 3907 1053 3966; x_wconf 68' lang='lat' dir='ltr'><strong>detondet.</strong></span> 
     </span>
    </p>
   </div>
   <div class='ocr_carea' id='block_1_5' title="bbox 0 0 1576 4375">
    <p class='ocr_par' dir='ltr' id='par_1_5' title="bbox 0 0 1576 4375">
     <span class='ocr_line' id='line_1_38' title="bbox 0 0 1576 4375; baseline 0 0"><span class='ocrx_word' id='word_1_300' title='bbox 0 0 1576 4375; x_wconf 95' lang='lat' dir='ltr'><strong> </strong></span> 
     </span>
    </p>
   </div>
  </div>
 </body>
</html>
