3142 4375
655 510 839 566 AENEIDOS
857 509 910 564 XII
1226 511 1291 575 603

272 700 343 758 ergo
367 680 515 755 superior:
550 699 641 739 manu
665 681 763 757 carpit
785 680 902 739 caulem
925 677 1093 738 a'Dictaea
1114 677 1186 752 Ida,
1209 678 1292 736 cuius

271 769 380 828 herbae
398 788 507 828 nomen
530 770 680 847 quianon
704 769 793 844 dixit,
819 770 907 847 signu
929 768 993 827 eius
1015 768 1135 827 infinita
1156 767 1293 844 protulit,

271 861 307 917 ut
329 862 431 935 posset
449 858 518 918 sciri
542 877 618 934 quae
642 861 726 918 esset.
759 858 812 916 boc
839 858 938 916 Vcaas
965 858 1086 917 obscuro
1108 858 1216 931 faciem
1238 858 1293 915 cir·

272 948 411 1007 comitato
443 949 541 1007 aimbo
576 948 689 1016 dotalii,
726 946 779 1006 boc
811 947 914 1020 fanan
951 946 1044 1005 labris
1076 947 1294 1021 splendentibus

227 1056 253 1097 ‚e
272 1055 389 1096 amnem
405 1038 500 1109 inficit
517 1038 623 1096 occulte
640 1036 790 1096 medicam
803 1036 971 1109 sparpilqae
984 1036 1114 1095 subibis
1130 1037 1295 1096 ambrosiae

271 1144 356 1185 saeos
375 1130 401 1184 et
419 1126 597 1198 odoriferam
606 1142 788 1200 paaaccam:
809 1124 911 1184 Venus
933 1124 1092 1183 obscurata
1110 1125 1205 1184 nimbi
1223 1124 1294 1183 cali·

272 1215 341 1293 gine
364 1217 455 1289 utque
477 1218 535 1288 ita,
560 1217 593 1274 ut
615 1214 711 1273 videri
734 1232 752 1272 a
774 1214 858 1273 nullo
876 1214 1037 1290 potuisset,
1058 1214 1115 1273 boc
1134 1212 1243 1272 detulit
1266 1215 1296 1271 et

272 1303 376 1363 eodem
398 1304 463 1379 ipso
487 1322 596 1380 aquam
619 1302 736 1378 infecit,
759 1322 852 1380 quam
869 1301 965 1378 Iapyx
988 1301 1120 1362 studiose
1139 1303 1294 1379 splenden-

270 1391 353 1452 tibus
372 1392 464 1451 labris
483 1392 649 1467 infuderat,
667 1395 702 1451 ut
720 1393 836 1453 foveret
853 1392 972 1467 vulnus,
991 1395 1021 1451 et
1040 1391 1156 1451 addidit
1171 1394 1202 1450 et
1219 1391 1295 1451 alias

223 1504 252 1544 ιο
271 1484 395 1558 species,
413 1484 448 1539 ut
462 1480 596 1541 omnium
611 1500 681 1541 suco
700 1484 731 1540 et
748 1481 780 1540 in
799 1481 895 1541 undas
909 1481 1062 1540 transfusa
1075 1482 1188 1540 virtute
1202 1480 1295 1538 medi-

271 1570 378 1631 cabilis
407 1571 508 1648 liquor
535 1591 569 1630 ex
597 1570 733 1647 simplice
756 1570 848 1630 fieret„
892 1571 967 1644 fovit
989 1588 1024 1629 ca
1045 1571 1154 1629 octauo
1177 1570 1356 1644 imbuero

271 1661 430 1735 loapaccas
453 1660 551 1735 lappa
573 1662 730 1735 mamaea:
760 1662 903 1739 ignorans
933 1663 1019 1738 gesta
1045 1658 1169 1719 Veneris
1199 1657 1294 1735 Iapyx

271 1768 309 1808 ea
331 1750 455 1827 lympha
482 1750 591 1809 vulnus
613 1749 699 1809 fovit.
731 1750 882 1823 saeuoque
904 1749 999 1807 manis
1021 1749 1057 1807 da
1080 1765 1197 1821 corpore
1219 1749 1296 1821 sapit

271 1840 379 1913 quippe
401 1839 491 1907 dolor,
515 1840 610 1897 emate
632 1839 788 1897 statilino
810 1839 844 1896 ia
865 1838 985 1897 catam
1007 1838 1145 1912 sarpeia:
1173 1835 1294 1913 pulchre

223 1947 251 1989 re
271 1928 351 1987 dixit
374 1928 453 2005 fugit
472 1928 566 2003 dolor,
588 1928 669 2005 fugit
687 1928 768 1985 enim
787 1928 840 2003 qui
857 1928 984 1987 senserit
997 1926 1152 1985 fortiorem
1165 1929 1196 1985 et
1214 1925 1295 1985 omni

272 2018 425 2076 celeritate
453 2015 590 2092 discedit,
618 2016 720 2077 dolore
743 2036 813 2076 vero
841 2018 974 2095 fugiente
997 2015 1120 2093 sanguis
1143 2015 1237 2074 fluens
1261 2034 1295 2073 ex

271 2106 334 2165 imo
357 2106 480 2165 vulnere
508 2105 593 2165 stetit
622 2107 834 2181 exclusamque
862 2109 908 2165 est
935 2104 1058 2181 perinde
1089 2104 1170 2181 quod
1198 2104 1296 2163 fuerat

271 2195 427 2254 inimicum
446 2201 476 2254 et
494 2195 635 2256 successit
653 2195 735 2272 quod
752 2195 908 2262 retinendo
927 2195 1025 2273 vigori
1045 2195 1177 2272 corporis
1196 2195 1296 2254 fuerat

272 2286 482 2344 necessarium.
513 2286 630 2357 lampae
647 2289 747 2345 secato
763 2303 870 2354 maaa,
893 2285 974 2344 auito
993 2289 1106 2359 coponio
1123 2285 1232 2360 captia
1249 2301 1296 2343 ea-

223 2394 253 2436 ro
273 2375 357 2434 cidit:
387 2375 414 2433 si
440 2375 524 2433 nullo
553 2377 688 2451 cogente,
719 2373 869 2451 quomodo
900 2376 1003 2432 secuta
1030 2372 1142 2433 manu?
1177 2373 1234 2432 boc
1258 2393 1295 2432 ne

223 2456 226 2463 ’
274 2463 430 2538 claudicet,
449 2464 491 2522 sic
509 2461 744 2541 intellegendum
760 2466 814 2538 est,
832 2466 868 2521 ut
886 2462 999 2540 sagitta
1015 2481 1074 2520 non
1088 2483 1180 2522 manu
1193 2465 1295 2521 tenen·

272 2553 314 2611 tis
342 2555 445 2612 secuta
471 2552 623 2626 videatur,
650 2552 701 2613 sed
729 2553 868 2612 foventis.
908 2556 994 2625 atquc
1015 2569 1108 2611 nooac
1129 2552 1241 2609 ceddae
1263 2552 1296 2608 ia

267 2643 402 2716 pristina
423 2643 516 2699 airas:
538 2641 672 2719 fugiente
695 2640 797 2700 dolore
820 2642 902 2700 facta
925 2643 971 2700 est
993 2641 1111 2699 novitas
1134 2640 1244 2698 virium
1266 2643 1296 2698 et

272 2729 365 2790 rediit
386 2731 484 2790 totum
513 2730 655 2806 quioquid
677 2730 825 2790 inflictum
853 2730 962 2790 vulnus
993 2730 1166 2788 excluserat.
1203 2747 1296 2788 noves

223 2837 254 2882 ao
273 2819 346 2879 viris
360 2819 451 2878 multi
464 2839 524 2879 non
538 2819 609 2879 talis
624 2819 727 2896 quales
741 2820 955 2894 abscesserant,
973 2819 1025 2878 sed
1043 2819 1140 2877 multo
1159 2818 1296 2877 meliores

274 2911 436 2985 exponunt.
469 2908 520 2968 sed
535 2908 606 2985 quid
625 2909 819 2987 sequentibus
833 2908 976 2968 faciemus
995 2907 1102 2984 quibus
1122 2907 1166 2966 ait
1183 2907 1296 2966 rediere

272 2999 306 3057 in
329 2999 458 3074 pristina
480 2997 579 3058 vires?
611 3017 703 3058 novus
724 3018 796 3076 ergo
814 3002 884 3075 post
901 2999 1042 3076 fugatum
1060 2997 1193 3056 dolorem
1210 3015 1295 3072 repa·

273 3088 357 3147 ratas
375 3087 599 3164 intellegamus3
619 3089 749 3147 multum
767 3088 846 3147 enim
865 3087 925 3146 fuit
942 3091 977 3146 ut
995 3107 1030 3146 ex
1049 3086 1206 3145 debilitato
1225 3085 1296 3144 talis

274 3179 354 3235 esset
371 3175 506 3234 redditus
521 3178 619 3252 qualis
633 3178 732 3236 fuerat
746 3179 909 3252 antequam
923 3177 1031 3236 vulnus
1048 3179 1125 3234 esset
1142 3174 1295 3234 inflictum.

349 3334 362 3382 1
386 3329 512 3396 superior
529 3327 555 3380 V
574 3328 617 3382 ed.
642 3330 718 3383 lectio
741 3328 879 3382 excidisse
899 3328 1019 3382 videtur.
1050 3329 1053 3397 l
1082 3328 1192 3381 ducta
1207 3327 1257 3380 ido
1270 3325 1296 3376 V

275 3416 346 3453 corr.
365 3398 407 3452 ed.
473 3399 673 3454 tscireVed.
736 3399 871 3468 8ipsoV
889 3401 952 3468 ipsa
970 3398 1041 3454 edF.
1106 3405 1166 3452 set
1184 3396 1296 3452 aliasV

274 3477 301 3526 cl
324 3487 377 3524 om.
400 3469 443 3523 ed.
522 3475 553 3523 11
578 3472 699 3539 εἱπιρῐίοε
715 3469 741 3522 V
758 3472 934 3539 simplicitate
955 3470 997 3524 ed.
1073 3474 1105 3522 13
1128 3470 1209 3540 pessit
1231 3469 1249 3522 i.
1272 3485 1294 3523 e.

274 3543 354 3597 cessit
367 3540 400 3606 V,
420 3541 469 3594 sed
487 3541 561 3612 sapit
581 3541 814 3610 interpretatione
832 3541 971 3610 poscitur,
990 3540 1066 3610 quod
1085 3542 1128 3595 ed.
1148 3542 1177 3594 et
1195 3539 1296 3609 optimi

274 3613 359 3682 Verg.
378 3611 445 3666 libri
463 3611 577 3667 habent.
637 3618 670 3666 19
689 3630 776 3667 mauu
795 3615 835 3680 (et
851 3613 937 3680 infra)
951 3612 977 3665 V
990 3626 1106 3666 manum
1118 3611 1175 3665 ed:
1195 3610 1296 3680 quodsi

273 3702 362 3739 mauu
384 3684 455 3737 Don.
478 3683 550 3753 legit
573 3701 636 3738 oum
659 3683 706 3735 ΜΙ
729 3685 758 3737 et
780 3683 945 3754 PVergilii,
969 3684 1095 3753 quaestio
1122 3700 1206 3752 quam
1230 3698 1296 3751 pro-

273 3755 371 3825 posuit
393 3753 506 3808 facilins
529 3755 712 3824 intellegitur.
786 3760 821 3809 20
839 3772 889 3810 aec
904 3755 930 3808 V
947 3773 982 3810 ac
1001 3754 1044 3809 ed.
1122 3759 1156 3808 25
1179 3755 1296 3808 maltam

273 3827 397 3882 meliores
424 3825 457 3879 V.
545 3831 578 3880 26
606 3826 776 3896 aequeordibas
802 3828 935 3895 faciemus
962 3826 987 3880 V
1016 3828 1129 3880 umere
1148 3827 1236 3875 mua
1260 3823 1313 3871 ab.

274 3902 309 3952 27
329 3894 567 3964 amardusVed.
642 3903 676 3954 28
694 3898 753 3968 fuit
770 3897 842 3956 atV
864 3900 887 3968 f.
906 3899 983 3972 qsiod
1001 3897 1050 3952 eb.
