3142 4375
676 475 859 531 insumas
877 474 903 527 x
1232 478 1297 543 327

284 647 391 724 quibus
415 646 550 706 favorem
576 644 639 705 eius
667 646 699 704 in
727 661 797 703 suas
824 644 920 719 partis
948 644 1044 722 magis
1071 663 1107 704 ac
1128 643 1225 723 magis
1248 643 1299 703 ad-

283 737 416 796 duceret:
444 735 538 809 alma,
565 734 669 809 Idaea,
698 751 807 810 parens
837 732 938 808 deum,
969 737 1164 811 augmentum
1195 734 1301 793 dehinc

282 825 380 885 laudis
400 824 510 884 adiecit
528 825 576 883 cai
593 824 747 898 Dindyma
764 822 846 881 cordi
863 823 1080 897 turrigeraeque
1097 824 1184 882 arbes
1197 824 1301 898 biiugi-

282 932 337 987 que
359 915 400 973 ad
422 916 511 988 freae
533 913 636 972 leones,
682 930 830 972 summam
853 911 960 971 dehinc
986 912 1141 988 petitionis
1170 912 1302 972 adnectit

251 1003 490 1081 sdeprecatione
523 1021 558 1062 ac
588 1001 678 1060 laude
710 1002 864 1061 conclusa:
901 1005 933 1060 ta
963 1002 1036 1060 miti
1071 1019 1151 1061 auae
1182 1018 1302 1077 pugnae

276 1094 430 1167 princeps,
455 1096 487 1150 ta
512 1093 566 1150 rite
589 1092 769 1165 propinques
793 1092 952 1165 amariam
974 1091 1194 1165 Phrygibusque
1220 1091 1363 1151 adsistite

277 1182 366 1255 pede,
399 1182 482 1250 dica,
516 1181 652 1241 secanda
705 1198 796 1256 quae,
827 1180 941 1257 inquit,
972 1181 1071 1257 prima
1103 1182 1188 1239 actus
1220 1199 1302 1240 meos

283 1272 383 1331 fovere
412 1269 538 1347 coepisti
566 1272 621 1328 tua
650 1270 777 1347 auguria
805 1268 866 1328 ista
894 1270 1093 1346 prosperitate
1122 1270 1212 1345 plena
1234 1288 1302 1329 con-

281 1360 369 1419 firma
400 1362 431 1419 et
460 1358 596 1419 secundis
629 1357 795 1418 accessibus
830 1377 912 1418 meos
948 1377 1140 1434 meorumque
1178 1361 1303 1418 conatus

238 1470 265 1511 io
283 1449 398 1509 attolle.
439 1452 554 1507 tantam
577 1450 700 1521 affatus,
724 1452 751 1507 et
772 1449 885 1507 interca
906 1449 1037 1506 revelata
1058 1448 1163 1506 ruebat
1184 1452 1303 1507 matura

281 1540 345 1597 iam
368 1539 430 1596 lace
452 1538 515 1596 dies
537 1542 702 1609 noctemque
723 1538 859 1611 fugarat:
888 1556 956 1596 cnm
978 1536 1036 1595 fine
1059 1535 1217 1596 verborum
1240 1536 1302 1595 eius

283 1627 336 1685 lux
358 1626 468 1686 clarior
490 1628 629 1703 coeperat
650 1626 723 1685 fieri.
764 1628 913 1700 principio
935 1627 1022 1684 sociis
1044 1625 1130 1684 edicit
1151 1627 1239 1699 signa
1260 1643 1304 1684 se·

283 1720 413 1789 waatar
441 1719 526 1789 atquc
553 1716 668 1775 caimos
695 1719 795 1787 aptent
821 1716 914 1774 armis
938 1732 1110 1789 pugnaeque
1127 1719 1238 1787 pareat
1259 1732 1304 1773 ee:

283 1804 397 1865 edicere
417 1807 462 1864 est
480 1824 548 1863 cum
567 1805 748 1863 auctoritate
767 1803 884 1879 aliquid
903 1803 1067 1863 curandum
1079 1803 1192 1862 iubere.
1224 1804 1305 1880 quod

237 1895 379 1972 usigitur
410 1895 590 1953 militarium
621 1895 849 1969 praeceptorum
881 1892 953 1967 fuit,
985 1894 1137 1952 succincto
1169 1911 1303 1952 sermone

283 1983 419 2061 collegit:
441 1986 477 2043 ut
499 1985 694 2060 sequerentur
716 1984 817 2058 signa,
840 1986 1040 2058 conponerent
1063 1982 1178 2042 animos
1202 1985 1233 2041 et
1249 1983 1304 2041 hos

283 2091 404 2151 pugnae
435 2076 465 2131 et
494 2073 648 2149 ingruenti
677 2071 833 2131 certamini
861 2074 1085 2148 praepararent.
1140 2073 1196 2131 hoe
1226 2071 1305 2131 enim

283 2162 406 2223 volebat
428 2162 543 2222 efficere
567 2161 648 2239 quod
673 2159 858 2237 Cymodocea
881 2161 1003 2220 docente
1026 2164 1214 2239 perceperat,
1237 2179 1305 2222 cum

285 2251 396 2312 diceret
419 2271 528 2330 „surge
549 2271 604 2330 age
623 2253 654 2309 et
672 2270 781 2310 aurora
800 2250 895 2310 socios
913 2252 1051 2310 veniente
1069 2252 1172 2311 vocari
1189 2251 1305 2329 primus

239 2359 267 2402 sc
283 2340 317 2400 in
341 2361 425 2400 arma
446 2341 515 2400 iube
538 2343 569 2400 et
592 2340 722 2416 clipeum
745 2359 817 2416 cape
842 2359 932 2416 quem
960 2340 1042 2399 dedit
1071 2343 1136 2417 ipse
1158 2341 1305 2401 invictum

284 2432 456 2510 ignipotens
480 2432 572 2507 atque
596 2448 663 2489 oras
688 2429 795 2488 ambiit
817 2428 920 2488 auro“.

355 2520 480 2593 Iamque
506 2521 539 2577 ia
567 2523 718 2593 conspecta
742 2519 868 2576 Teucros
895 2518 980 2578 tabet
1006 2522 1033 2577 et
1058 2536 1116 2577 saa
1138 2522 1251 2577 caetra:
1273 2518 1366 2576 inito

285 2608 395 2687 quibus
419 2609 539 2669 fuerant
561 2610 610 2667 sui
633 2611 663 2667 et
685 2607 749 2684 ipse
772 2607 869 2666 rideri
891 2610 1032 2683 potuerat
1058 2612 1141 2666 stares
1169 2608 1246 2666 celsa
1272 2608 1305 2665 ia

280 2699 388 2773 pappi.
421 2697 460 2757 ad
479 2696 671 2757 altitudinem
693 2698 777 2756 navis
802 2696 928 2755 accessit
949 2697 1068 2755 Aeneae
1091 2715 1210 2772 quoque
1230 2697 1304 2755 satis

238 2789 418 2847 meminens
445 2787 556 2863 forma3
583 2805 654 2844 nam
681 2805 748 2845 aum
771 2788 878 2859 staret,
906 2786 1000 2844 multo
1024 2787 1071 2845 est
1093 2785 1183 2844 altior
1205 2786 1305 2844 factus

284 2878 403 2936 ratione
426 2877 484 2936 loci
507 2879 537 2936 et
564 2875 696 2952 corporis
724 2876 912 2952 proceritate.
958 2876 1082 2948 elipeum
1109 2892 1175 2933 cam
1201 2875 1305 2933 deinde

284 2967 409 3025 siamtra
428 2966 528 3024 extulit
545 2966 708 3024 ardentem:
727 2984 793 3024 ecee
812 2963 991 3023 multiformi
1009 2964 1165 3022 altitudini
1182 2962 1306 3023 accessit

286 3056 498 3133 augmentum3
522 3054 616 3113 erexit
639 3056 748 3130 quippe
773 3053 926 3112 sinistram
953 3073 1075 3112 manum
1104 3072 1172 3112 cum
1200 3054 1305 3129 clipeo.

286 3144 440 3204 ardentem
459 3143 588 3218 addidit,
607 3146 642 3202 ut
660 3161 695 3202 ex
713 3142 874 3201 altitudine
893 3146 924 3201 et
937 3142 1026 3218 clipei
1040 3143 1171 3201 ardentis
1186 3142 1306 3201 flamma

239 3248 269 3292 ω
285 3233 405 3293 facilius
429 3237 596 3292 occurreret
614 3232 707 3291 oculis
726 3231 925 3290 Troianorum
944 3231 1132 3308 properantis
1151 3231 1305 3291 adventus.

360 3444 376 3492 3
395 3439 522 3493 dindima
540 3439 565 3490 a
583 3438 718 3507 dyadiraa
731 3437 764 3490 V.
826 3444 842 3491 6
860 3438 1030 3507 fripibaeqae
1043 3437 1102 3490 VR.
1159 3442 1174 3489 7
1194 3453 1263 3505 qaae
1281 3435 1307 3488 a

286 3510 332 3566 ed.
346 3527 429 3580 meam
443 3509 476 3564 V.
526 3515 559 3571 LO
573 3511 678 3576 affatus
690 3509 716 3562 R
730 3510 848 3576 affatum
857 3508 883 3561 V
896 3509 995 3575 effatae
1009 3509 1052 3562 ed.
1068 3510 1097 3562 et
1110 3507 1194 3576 Verg.
1209 3506 1283 3561 libri.
1300 3509 1303 3578 l

285 3582 411 3637 revelata
436 3598 489 3635 om.
508 3581 541 3634 V.
615 3586 648 3634 15
674 3581 809 3634 miliriam
827 3579 878 3633 VR
899 3581 1063 3634 militariam
1086 3596 1136 3632 nos
1159 3580 1307 3633 maltorum

287 3652 331 3709 ad
356 3652 528 3778 ksuceiaeto
542 3651 593 3705 VIt
611 3652 722 3706 subacto
741 3651 784 3705 ed.
860 3656 893 3704 18
906 3657 1084 3719 praeceperat
1101 3651 1145 3704 ed.
1218 3654 1252 3702 20
1275 3651 1307 3703 ia

287 3740 342 3780 cm.
385 3767 391 3778 .
456 3729 488 3778 21
509 3724 615 3778 ambait
632 3722 664 3776 It.
729 3728 763 3777 23
782 3723 838 3791 apsi
852 3722 902 3776 VR
921 3723 964 3776 ed.
983 3724 1041 3791 ipse
1059 3739 1117 3775 nos.
1148 3722 1156 3792 t
1181 3727 1312 3790 potuerat

286 3794 340 3851 VR
366 3801 448 3850 -raac
474 3794 518 3848 ed.
605 3799 638 3846 26
666 3811 728 3849 cam
751 3793 802 3848 VR
829 3800 888 3849 tam
916 3793 962 3849 ed.
1045 3799 1081 3847 aa
1113 3795 1244 3848 statura
1257 3787 1335 3838 W.

287 3870 324 3922 it
338 3868 477 3935 flammam
494 3865 522 3921 V.
