3142 4375
663 469 914 527 Assumosvn
1255 473 1298 539 85

281 641 414 701 taborum
437 644 491 710 est,
514 641 582 714 ipsa
604 656 720 715 repam:
747 643 777 699 et
800 637 827 699 si
849 639 940 714 forte,
962 640 1075 716 inquit,
1098 638 1224 716 aliquis,
1251 650 1363 701 su-oeo

279 733 380 808 pereat
408 729 506 804 labor,
536 732 657 808 regetur
687 747 777 805 opera
802 748 878 789 mea.
923 729 992 788 tetis
1015 729 1135 787 dederat
1155 728 1301 787 Saturnia

278 836 376 879 uoces:
401 820 476 878 haec
498 819 601 879 locuta
624 821 670 879 est
687 819 773 877 Iuno.
819 818 874 877 illu
896 822 994 877 eutem
1021 818 1126 877 attollit
1151 818 1300 877 stridentis

278 909 428 984 enpuibus
451 908 517 968 alos
537 906 689 983 Cocytique
706 908 776 980 petit
793 907 890 966 sedern
907 907 1134 980 supercuretur
1153 907 1302 980 linquens:

246 1013 259 1055 s
277 998 343 1072 illa,
361 998 418 1056 hoc
436 1000 483 1057 est
491 997 618 1073 Allecto,
633 996 745 1057 auditis
760 1015 837 1073 quae
850 996 1017 1056 necessario
1031 997 1109 1055 Iuno
1123 996 1301 1073 protulerat,

277 1086 393 1147 relictis
420 1086 496 1145 caeli
522 1086 694 1165 regionibus
723 1086 779 1145 alis
808 1084 931 1162 delapsa
960 1088 1006 1145 est
1028 1085 1068 1144 ad
1090 1104 1157 1145 eum
1183 1088 1302 1163 partem

278 1195 343 1253 qua
364 1194 496 1235 remeare
520 1175 559 1234 ad
580 1175 692 1235 inferos
711 1177 821 1250 posset
861 1174 970 1251 incipit
991 1175 1052 1234 loci
1070 1174 1229 1251 descriptio
1248 1193 1302 1251 per

278 1284 371 1343 quem
392 1265 436 1324 ire
459 1264 561 1341 potuit
583 1264 623 1324 ad
643 1264 808 1324 infernum:
832 1268 874 1323 est
896 1264 975 1323 loeus
998 1264 1108 1323 Italiac
1129 1264 1224 1323 medio
1246 1265 1301 1323 sub

276 1354 428 1414 recutitus
454 1354 536 1423 altis,
564 1354 671 1413 mobilis
698 1356 831 1427 etfama
853 1353 954 1411 multis
976 1357 1154 1413 memoratus
1175 1355 1209 1412 im
1231 1353 1301 1422 oris,

228 1460 260 1502 ro
278 1441 457 1517 Ampsancti
476 1443 582 1502 ealles:
605 1442 681 1501 dixit
700 1446 853 1521 regionem
871 1444 903 1501 in
927 1460 989 1519 qua
1012 1446 1090 1502 esset
1110 1442 1193 1502 locus
1217 1444 1248 1502 et
1269 1443 1364 1509 insse

279 1552 343 1610 qua
360 1533 424 1593 eius
442 1534 543 1609 parte,
566 1532 643 1591 dixit
665 1532 757 1591 etiam
774 1550 884 1590 nomen
902 1530 1080 1607 Ampsancti
1098 1550 1117 1591 a
1134 1532 1199 1590 fani
1214 1549 1302 1591 roca-

279 1622 354 1682 bulo
380 1640 416 1682 ac
443 1621 585 1695 nemoris,
615 1620 692 1680 dixit
719 1621 823 1695 situm,
854 1620 936 1696 quod
964 1620 997 1678 in
1026 1621 1105 1680 valle
1134 1620 1302 1680 haberetur.

282 1711 383 1770 densis
402 1711 480 1770 tuuc
501 1710 659 1783 frondibus
682 1715 780 1770 utrum
802 1712 886 1784 urpet
902 1710 1047 1781 utrimque
1065 1710 1144 1768 tutus
1160 1711 1303 1768 nemoris:

283 1799 428 1874 densitas,
450 1798 564 1875 inquit,
587 1799 716 1859 nemoris
739 1800 818 1857 hunc
843 1799 957 1858 fecerat
980 1798 1184 1872 tenebrosum,
1206 1798 1303 1858 latera

233 1902 264 1945 rs
282 1906 354 1948 vero
376 1888 439 1948 eius
461 1890 494 1947 in
513 1890 671 1967 angustias
689 1891 799 1948 natura
817 1887 1005 1964 perduxerat.
1036 1887 1186 1960 medioque
1203 1888 1303 1962 trepo-

282 1994 336 2038 sus
352 1976 405 2037 dat
426 1978 553 2037 sonitum
576 1979 659 2037 soris
682 1982 709 2037 et
730 1981 802 2036 torto
825 1978 929 2036 uertice
952 1981 1079 2036 terreus:
1102 1975 1304 2052 conpendiosa

281 2065 457 2144 descriptio,
479 2069 515 2126 ut
538 2086 656 2126 amnem
678 2067 769 2126 simul
792 2068 823 2125 et
845 2070 962 2142 partem
985 2085 1021 2125 ex
1044 2085 1104 2143 qua
1122 2065 1304 2125 fundebatur

281 2158 313 2218 et
342 2173 449 2217 sonum
479 2155 612 2217 cadentis
643 2175 739 2234 aquae
769 2158 800 2216 et
830 2174 952 2216 causam
976 2173 1051 2233 quae
1074 2174 1181 2216 sonum
1203 2154 1304 2231 ipsum

280 2247 395 2307 iaceret
414 2245 569 2305 indicaret.
605 2247 784 2306 nascebatur
803 2249 904 2305 autem
925 2245 1025 2304 medio
1044 2244 1107 2306 eius
1125 2245 1186 2306 loci
1203 2246 1303 2321 copio-

231 2350 262 2392 so
280 2353 332 2396 sus
361 2336 473 2410 amnis,
503 2335 616 2395 dabant
642 2335 740 2395 undae
768 2336 901 2394 sonitum
927 2335 1007 2394 saxis
1034 2334 1140 2394 inlisae
1168 2337 1199 2393 et
1224 2335 1305 2394 iuter

280 2443 355 2486 saxa
385 2425 490 2484 eadem
518 2425 680 2484 verticibus
709 2424 823 2500 rapidis
853 2423 1080 2501 torquebantur.
1124 2425 1171 2483 tic
1201 2441 1305 2498 specus

280 2514 460 2574 torrendum
490 2518 516 2572 et
544 2515 626 2572 suevi
653 2513 805 2587 spiracula
827 2513 908 2572 Ditis
934 2517 1137 2574 monstrentur
1163 2517 1304 2587 ruptoque

280 2603 386 2678 imperes
407 2601 569 2662 Acheronte
591 2619 698 2677 serape
717 2603 877 2675 pestiferas
900 2603 996 2676 aperit
1015 2604 1131 2676 fauces,
1155 2603 1220 2674 quis
1239 2616 1367 2667 ceu-suo

281 2692 347 2752 dita
364 2691 491 2766 Erinys,
510 2691 640 2750 incisum
658 2708 778 2760 numere,
804 2694 899 2750 terras
917 2692 1085 2764 coctumque
1103 2692 1232 2750 leuabat:
1256 2691 1304 2750 vel

232 2794 262 2837 se
281 2780 432 2841 densitate
454 2798 609 2839 nemorum
627 2781 676 2840 rel
700 2798 772 2839 sono
792 2779 932 2839 torrentis
951 2781 1000 2840 vel
1022 2781 1128 2839 umbra
1148 2779 1304 2840 foraminis

280 2869 434 2931 tenebrosi
450 2869 499 2929 rel
519 2870 588 2929 inde
607 2869 703 2947 magis
722 2867 917 2944 horrendum,
941 2872 1013 2945 quia
1031 2870 1193 2928 inferorum
1212 2869 1305 2928 ianua

280 2958 345 3019 fuit
363 2960 394 3016 et
412 2958 451 3017 ad
469 2957 570 3018 Ditem
592 2961 710 3034 patrem
729 2959 783 3034 qui
800 2960 939 3018 miserere
957 2959 1086 3018 nesciret
1102 2958 1161 3017 iter
1178 2957 1305 3017 infeliei-

281 3047 339 3107 bus
368 3046 474 3120 dabat,
501 3050 533 3107 et
559 3050 652 3124 rupta
678 3047 768 3106 humo
796 3067 892 3124 usque
917 3048 956 3107 ad
982 3048 1083 3124 ipsum
1106 3046 1305 3106 Acherontem

281 3134 433 3215 profunda
451 3136 606 3211 demersio,
621 3156 711 3213 quam
731 3136 887 3196 obsidebat
900 3137 1008 3213 Erinys
1023 3132 1045 3215 Τ
1060 3136 1155 3196 solam
1173 3137 1304 3212 patentis

357 3365 373 3414 5
388 3361 559 3429 praetulerat
572 3360 615 3414 ed.
667 3365 683 3413 8
702 3360 790 3414 medio
805 3359 828 3412 V
843 3361 874 3414 iu
887 3359 976 3414 medio
990 3359 1034 3413 ed.
1086 3365 1117 3413 11
1134 3363 1268 3429 empserit
1279 3359 1305 3413 V

282 3433 325 3503 (in
338 3430 471 3486 lemmate
486 3433 579 3500 recte).
634 3436 666 3485 17
682 3432 972 3500 descriptiotttammm
987 3430 1093 3501 (tittera
1107 3434 1172 3485 ante
1186 3439 1305 3486 mmmm

283 3503 414 3571 evanida)
430 3520 485 3572 qua
498 3520 606 3557 omrem
619 3503 662 3556 ed.
701 3509 733 3555 21
749 3503 925 3571 torquebatur
934 3501 968 3558 V.
985 3504 988 3572 t
1004 3502 1108 3556 lemma
1122 3503 1247 3571 corrupit
1261 3503 1304 3557 ed.

284 3580 318 3631 2⁷
338 3576 463 3630 miserere
480 3574 506 3628 V
523 3575 638 3629 mulceri
658 3573 701 3627 ed.
775 3579 808 3626 29
832 3575 918 3628 sotum
933 3580 1059 3642 potentes
1075 3575 1166 3629 biatos
1182 3580 1223 3628 tie
1241 3589 1305 3629 cou-

282 3643 1319 3783 ‘muttumt”tuietmtmtmtttset

283 3733 380 3846 m
401 3789 473 3856 (sota
496 3787 532 3840 ad
556 3734 752 3856 expliceniim
775 3788 854 3858 quod
877 3790 922 3844 est
945 3733 1168 3858 custumiis
1186 3784 1344 3848 uotissffi

284 3877 343 3916 non
361 3876 444 3914 ausus
462 3875 569 3914 omrem
589 3859 711 3931 adposui
730 3860 854 3920 lectioni
873 3863 1029 3921 editionis.
