3142 4375
671 510 855 566 marinos
868 510 907 565 rx
997 521 998 527 Ν
1232 512 1298 580 265

282 682 379 741 teneri
396 680 486 741 vallo.
524 679 597 756 quid
617 681 659 740 sii
676 681 788 741 iterum
807 682 904 741 teneri
925 680 990 757 ipse
1013 682 1152 758 exposuit
1174 678 1298 741 dicendo

284 772 328 830 bis
358 772 435 843 eapti
463 770 607 845 Pirppes:
635 769 687 829 sed
716 770 841 845 ideirco,
871 771 984 845 inquit,
1013 788 1074 830 non
1101 770 1192 829 semel
1214 769 1299 829 vobis

234 925 236 931 y
282 862 338 919 hoc
361 859 502 937 contigit,
531 858 603 935 quia
625 857 760 937 Phryges
788 860 869 919 estis.
914 859 970 919 hoc
993 860 1092 937 gentis
1114 878 1223 918 nomen
1244 876 1299 935 pro

284 949 416 1009 convicio
438 948 541 1024 posuit
564 950 652 1025 quasi
670 948 817 1023 enervati,
839 948 957 1022 molles,
979 948 1104 1009 inbelles
1123 948 1300 1008 ae'feminis

253 1038 412 1116 aproximi
443 1041 474 1096 et
505 1036 731 1114 captivitatibus
764 1036 873 1098 crebris
906 1037 1027 1098 addicti
1078 1039 1190 1097 crimen
1222 1037 1300 1098 enim

283 1128 356 1202 fuit,
387 1127 460 1203 quia
488 1126 611 1201 iternm3
639 1128 742 1201 potuit
771 1125 883 1204 quippe
913 1146 1000 1187 casus
1030 1128 1122 1187 fuisse
1144 1130 1177 1186 in
1203 1127 1301 1203 prima

284 1216 447 1290 obsidione,
467 1215 519 1274 sed
537 1224 604 1274 oum
622 1215 750 1276 secundo
770 1234 890 1293 quoque
909 1215 1017 1277 vallati
1034 1218 1114 1291 sunt,
1132 1235 1186 1275 neo
1204 1216 1301 1292 prima

285 1308 384 1384 potest
414 1302 537 1363 casibus
564 1303 710 1381 adplicari
739 1323 794 1365 nee
823 1306 954 1365 seeunda
984 1305 1108 1365 obsidio.
1161 1309 1187 1364 et
1215 1306 1302 1364 morti

281 1394 472 1469 praetendere
489 1394 609 1453 maros?
631 1412 750 1469 novum,
768 1394 878 1471 inquit,
895 1396 1053 1454 inventum
1070 1394 1206 1470 inertiae,
1224 1413 1301 1469 quae

241 1500 267 1540 ro
285 1483 343 1543 sibi
364 1501 520 1542 murorum
541 1484 727 1543 munimenta
750 1483 914 1560 conquirit,
936 1502 996 1542 non
1014 1486 1049 1542 ut
1067 1484 1183 1543 clausos
1202 1483 1301 1543 deien-

286 1574 372 1646 dant,
394 1571 452 1630 sed
478 1573 514 1630 ut
541 1571 675 1653 obsessos
699 1572 849 1633 addicant.
894 1590 931 1631 ea
953 1574 1004 1646 pai
1025 1576 1127 1633 eastra
1149 1573 1208 1631 sibi
1230 1573 1364 1632 oetioeoo

286 1662 411 1721 eoaabia
434 1664 575 1734 poseant:
608 1662 729 1739 singula
762 1661 876 1721 habent
903 1661 965 1721 vim
995 1680 1095 1722 suamc
1129 1679 1165 1721 en
1192 1660 1302 1737 inquit,

286 1749 485 1827 vituperantis
507 1750 582 1809 haee
604 1750 820 1811 demonstratio
844 1752 903 1827 est3
930 1750 997 1828 qui,
1019 1751 1076 1809 hoe
1098 1754 1144 1811 est
1165 1750 1302 1826 mendici,

285 1839 436 1917 naufragi,
455 1838 606 1916 dissoluti3
624 1843 737 1916 nostra,
750 1842 841 1917 quasi
857 1841 1013 1901 meliorum
1033 1844 1125 1917 atque
1142 1838 1302 1916 nobilium3

242 1942 267 1983 15
285 1930 364 1989 bello
388 1928 516 1989 conubia
533 1933 676 2005 poscunt,
698 1931 818 2005 volunt,
840 1929 954 2006 inquit,
976 1930 1056 1989 bello
1082 1930 1211 1989 ebenum
1235 1948 1303 1988 eon·

285 2018 401 2097 iugium
420 2037 561 2094 quaerere
585 2019 687 2096 quiin
710 2038 801 2079 causa
824 2019 916 2079 simili
938 2019 1037 2079 sciunt
1060 2037 1123 2078 sese
1145 2020 1302 2078 mactatos.

286 2109 352 2181 pais
383 2108 455 2167 deas
486 2107 631 2168 liaaaae
677 2110 743 2185 quis
776 2108 863 2184 deus,
893 2110 991 2168 iratus
1023 2107 1151 2184 sufficet,
1179 2125 1232 2168 vos
1264 2106 1302 2166 ad

286 2199 408 2258 Italiam
439 2197 602 2258 morituros
634 2197 780 2259 adduxit?
826 2216 901 2272 qaae
931 2216 983 2258 vos
1012 2199 1157 2258 dementia
1188 2198 1303 2272 adepil?

287 2308 325 2347 an
349 2288 500 2347 dementia
526 2305 580 2348 vos
607 2288 667 2348 huc
693 2289 808 2365 inpulit
831 2307 891 2365 qua
912 2288 1014 2348 soletis
1037 2288 1081 2346 ire
1103 2285 1303 2365 praecipites?

243 2388 269 2427 2⁰
286 2395 346 2435 aaa
363 2378 410 2436 iic
422 2376 548 2436 Atridae
566 2394 618 2437 aec
630 2378 719 2452 fandi
731 2379 816 2451 ricta
834 2378 950 2438 Uidea:
971 2396 1027 2437 nee
1044 2396 1099 2437 nos
1117 2376 1304 2437 arbitremini

287 2466 454 2542 exemplum
477 2467 630 2526 secuturos
654 2486 717 2527 esse
742 2466 915 2542 Graiorum,
942 2468 997 2543 qui
1019 2485 1072 2528 vos
1095 2466 1251 2526 mendaces
1274 2467 1305 2524 et

287 2554 405 2628 fraude,
424 2572 484 2614 non
502 2557 625 2615 virtutis
643 2555 750 2617 robore
768 2575 909 2633 superare
927 2557 1096 2617 valuerunt.
1132 2573 1192 2614 non
1210 2573 1305 2613 unum

288 2644 356 2702 vult
385 2661 447 2702 esse
477 2645 601 2720 crimen,
632 2646 714 2721 quod
743 2644 817 2706 victi
846 2648 994 2705 venerunt
1022 2644 1061 2704 ad
1087 2643 1223 2718 Italiam,
1253 2642 1305 2702 sed

289 2732 369 2809 quod
392 2733 430 2791 ab
452 2732 613 2793 inbellibus
636 2735 769 2811 superati
793 2737 870 2794 sunt.
908 2733 1027 2795 crimini
1048 2733 1108 2810 ipsi
1131 2731 1306 2810 superaddit

243 2832 269 2873 2⁵
289 2824 483 2899 augmentum
505 2841 566 2882 non
588 2822 637 2881 bic
655 2822 781 2883 Atridae
804 2843 858 2883 nee
877 2822 961 2883 fandi
979 2823 1066 2882 fictor
1087 2822 1203 2897 Ulixes,
1225 2822 1306 2880 inter

287 2929 351 2986 nos,
364 2910 473 2987 inquit,
490 2929 551 2969 non
568 2914 641 2971 sunt
653 2911 778 2973 Atridae
792 2932 846 2973 nec
859 2913 975 2972 Ulixest
997 2913 1110 2988 primos
1125 2909 1306 2971 Graecorum

289 3001 434 3076 maculat,
463 3002 498 3059 ut
526 3000 637 3076 reliqui
665 3000 828 3061 deteriores
857 3003 1062 3077 inveniantur3
1091 3000 1193 3060 Ulixes
1226 3001 1306 3059 enim

289 3089 453 3148 mentiendi
480 3091 572 3166 atque
599 3089 724 3149 fallendi
752 3092 817 3149 arte
844 3090 1042 3167 peritissimus
1072 3090 1143 3163 fuit,
1170 3087 1305 3164 Atridae,

290 3196 357 3237 cum
380 3196 528 3237 summam
552 3180 688 3237 tenerent
713 3178 846 3255 imperii,
873 3178 1018 3238 Helenam
1041 3177 1234 3255 perdiderunt
1256 3197 1306 3237 ue·

245 3278 272 3318 ³0
290 3269 416 3328 scientes
440 3270 471 3326 et
496 3269 598 3326 temen
621 3267 815 3328 obtinuerunt
838 3267 994 3328 adversum
1021 3286 1074 3328 vos
1103 3269 1133 3327 et
1161 3268 1307 3342 vicerunt,

290 3357 363 3432 quia
389 3375 443 3416 vos
470 3357 583 3432 fuistis,
610 3357 739 3417 victores
766 3358 879 3418 feeistis
904 3357 957 3433 qui
980 3357 1055 3416 alios
1083 3375 1224 3433 superare
1247 3374 1307 3416 non

290 3450 420 3523 possent.
466 3447 575 3506 dariam
602 3464 622 3505 a
648 3447 739 3521 stirpe
764 3463 871 3522 penas:
898 3465 1004 3525 genus,
1031 3445 1145 3523 inquit,
1172 3448 1308 3506 nostrum

363 3623 379 3670 3
403 3619 536 3688 coatiapit
559 3617 602 3672 ed.
676 3622 692 3671 b
714 3617 821 3672 addicti
832 3616 859 3671 V
876 3617 979 3672 adiecti
996 3617 1039 3672 ed.
1058 3618 1155 3672 obieci
1172 3617 1215 3671 ed.
1234 3617 1307 3684 post.

292 3695 324 3742 11
344 3689 517 3745 addicaatV
536 3690 571 3744 ef.
589 3707 614 3743 v.
630 3693 682 3742 786
701 3689 828 3745 abdicent
844 3689 887 3743 ed.
948 3693 981 3742 13
999 3689 1163 3758 haee—qui
1179 3689 1248 3742 mut.
1263 3687 1306 3742 ed.

294 3766 325 3814 17
349 3761 495 3816 iratamV
515 3778 583 3816 corr.
606 3762 649 3816 ed.
725 3766 758 3816 19
781 3759 955 3827 irererri
971 3759 1015 3814 ed.
1089 3765 1123 3814 20
1146 3776 1196 3815 aee
1216 3775 1310 3814 reos-

292 3838 326 3885 25
347 3832 440 3888 Uliaes
458 3848 511 3886 om.
525 3833 569 3887 ed.
633 3839 667 3887 21
686 3831 868 3889 mendaeeaV
885 3831 1049 3888 madeas
1116 3835 1157 3886 bb
1176 3830 1335 3884 moeream

291 3919 342 3958 rios
355 3901 381 3956 V
396 3919 464 3957 corr.
479 3903 522 3957 ed.
595 3909 627 3958 31
647 3907 716 3977 qaia
733 3922 782 3964 uos
800 3906 897 3977 famia
916 3922 974 3964 om.
995 3911 1023 3963 et
1037 3901 1185 3974 interpol.
1197 3898 1251 3954 sb.
