3142 4375
674 478 902 535 uuunoosx
1231 482 1298 548 315

276 646 378 707 uibus
408 649 531 724 poetam
561 646 695 708 iudicare
728 650 908 709 convenerat
940 649 1088 726 quomodo
1119 648 1221 708 sedere
1248 648 1298 707 de·

275 735 428 798 buissent:
446 736 562 796 medius
581 738 661 796 enim
673 737 796 796 'Aeneas
816 738 916 797 fuerat
933 738 1174 813 constituendus,
1192 740 1297 815 utpote

276 825 334 902 qui
354 827 434 886 esset
454 825 570 885 dnobus
593 827 706 903 potior,
734 827 857 886 secundi
878 827 980 886 meriti
998 826 1120 887 sinistro
1138 828 1228 887 lateri
1245 827 1297 886 ad-

275 914 437 992 plicandus
463 914 579 990 Pallas,
607 915 749 992 quoniam
776 917 857 994 regis
884 916 963 975 filius
990 916 1051 975 fuit
1074 919 1104 977 et
1126 917 1190 976 eius
1213 918 1297 976 cuius

243 1007 400 1064 stantum
412 1003 588 1064 beneficium
606 1004 766 1064 videbatur
783 1005 930 1080 extitisse,
948 1006 1055 1065 tertius
1075 1005 1195 1065 dextmo
1209 1005 1299 1065 lateri

276 1091 480 1170 deputandus,
504 1095 645 1170 quierat
668 1093 783 1154 duobus
807 1094 939 1154 inferior.
971 1097 1162 1172 quaerentem
1179 1095 1299 1155 induxit

275 1181 449 1242 Pallantem
476 1182 640 1259 superflua,
663 1203 739 1259 quae
765 1183 833 1259 ipsa
860 1184 914 1242 illo
937 1186 1071 1261 tempore
1095 1184 1132 1243 ab
1155 1184 1210 1243 illa
1232 1204 1297 1261 per·

275 1289 366 1347 sona,
389 1270 416 1331 si
437 1270 549 1331 maturi
571 1272 701 1331 hominis
725 1271 873 1333 adfuisset
895 1273 1037 1347 intentio,
1056 1292 1116 1332 non
1134 1273 1298 1332 debuerant

276 1360 393 1437 quaeri.
438 1359 565 1438 denique
589 1361 689 1420 noluit
710 1362 948 1439 conprehendere
971 1362 1090 1421 Aeneae
1113 1381 1298 1438 responsum,

231 1465 260 1508 re
274 1452 313 1510 nt
343 1449 513 1510 ostenderet
545 1469 613 1508 eum
642 1452 759 1528 magnis
791 1454 822 1510 et
850 1452 1024 1511 necessariis
1054 1451 1297 1529 cogitationibus,

274 1557 337 1598 non
359 1539 525 1616 puerilibus
549 1540 693 1616 quaesitis
716 1540 811 1599 fuisse
835 1540 1012 1599 districtum.

346 1628 473 1688 Pandite
502 1646 582 1687 nunc
603 1629 761 1698 Helicona,
793 1630 876 1698 deae,
907 1633 1067 1701 cantusque
1092 1632 1201 1687 neocete
1223 1646 1297 1701 quae

275 1733 385 1776 manue
411 1718 523 1776 interea
551 1718 656 1776 Tuscis
683 1720 833 1777 comitetur
860 1720 898 1777 ab
921 1720 981 1777 orie
1003 1718 1128 1776 Aenean
1151 1722 1297 1792 armetque
1308 1731 1359 1780 165

275 1810 356 1865 rates
366 1806 525 1880 pelopopue
538 1807 675 1866 celatur:
692 1808 844 1868 invocatio
862 1809 923 1867 ista
940 1811 1023 1867 tenet
1036 1825 1184 1865 summam
1197 1825 1298 1865 rerum

239 1905 262 1948 1⁸
276 1899 308 1954 et
327 1896 458 1971 speciem
481 1896 708 1972 propositionis,
731 1915 769 1956 ne
793 1896 877 1956 aliud
904 1896 998 1955 lector
1027 1915 1147 1973 sperare
1177 1896 1298 1956 deberet

276 2000 368 2060 quam
383 1984 442 2044 isti
465 1985 619 2044 continent
636 2004 747 2045 versus.
779 1986 913 2045 dicturus
931 1988 977 2045 est
995 1986 1074 2045 enim
1093 2005 1171 2063 quae
1189 2004 1297 2044 manus

275 2073 331 2132 boc
360 2075 406 2131 est
436 2075 490 2151 qui
519 2073 626 2150 populi
655 2075 704 2133 vel
735 2076 842 2151 quanti
871 2094 939 2134 curn
966 2075 1068 2135 Aenea
1105 2094 1140 2134 ex
1170 2075 1296 2133 Tusciae

276 2160 415 2224 litoribus
451 2162 668 2242 navigaverint.
719 2165 873 2224 Massicus
909 2169 1013 2225 aerata
1045 2165 1184 2239 princeps
1220 2168 1298 2224 secat

277 2269 405 2326 aequom
428 2252 526 2327 Tlpri:
548 2255 578 2312 et
606 2273 665 2329 quo
688 2255 808 2312 nomine
832 2257 991 2314 vocaretur
1018 2254 1094 2313 dixit
1116 2255 1169 2330 qui
1193 2256 1298 2314 ductor

233 2343 261 2391 ἥ
276 2341 376 2401 fuerat
397 2341 483 2401 navis
511 2343 542 2401 et
568 2343 672 2402 eadem
702 2361 778 2418 quae
802 2343 951 2402 diceretur
973 2346 1004 2402 et
1026 2345 1125 2420 qualis
1149 2347 1226 2404 esset
1248 2364 1296 2403 ex·

276 2430 393 2507 pressit.
430 2432 484 2490 sub
507 2448 562 2504 quo
584 2432 664 2490 mille
686 2449 795 2490 manus
817 2433 971 2490 iuuenum:
992 2452 1053 2493 non
1076 2433 1158 2492 mille
1180 2452 1297 2507 manus,

276 2522 312 2579 nt
332 2519 410 2578 fiant
428 2520 583 2598 quingenti
603 2521 750 2596 homines,
774 2521 826 2580 sed
843 2539 965 2595 manus,
983 2522 1040 2581 hoc
1059 2528 1105 2580 est
1121 2522 1296 2596 multitudo,

275 2608 429 2668 bominum
450 2609 540 2668 mille.
588 2611 638 2681 qui
666 2612 783 2669 necenia
814 2608 897 2668 Clusi
926 2611 1031 2683 quique
1059 2611 1161 2669 urbem
1189 2611 1297 2684 liquere

277 2696 382 2766 Cosam
410 2698 476 2770 quis
503 2698 561 2756 tela
587 2699 710 2773 sapittue
734 2701 883 2773 pcrytipue
911 2699 986 2757 leves
1012 2700 1123 2758 umais
1150 2703 1177 2757 et
1203 2699 1297 2771 letifer

224 2784 260 2837 '⁶
275 2804 379 2847 meus:
401 2786 522 2846 nomina
546 2788 705 2847 civitatum
727 2787 829 2864 posuit
852 2790 883 2846 et
905 2806 1014 2865 genera
1037 2806 1197 2847 armorum.
1233 2799 1358 2849 una170

274 2879 374 2935 meua
396 2873 490 2944 Abas,
513 2877 583 2934 truie
610 2881 699 2935 totum
718 2877 884 2951 ineipnibus
902 2877 996 2936 armis
1014 2894 1119 2951 apmen
1142 2881 1167 2934 el
1190 2881 1296 2935 aurato

272 2965 405 3040 fulpebat
426 2964 565 3037 Apolline
582 2966 710 3038 puppis:
732 2965 815 3024 Abas
838 2965 1003 3043 navigabat
1024 2966 1056 3024 in
1075 2966 1136 3026 alia
1155 2967 1296 3024 auratum

273 3054 404 3115 bebente
426 3053 577 3130 Apollinis
602 3055 804 3114 simulacrum.
837 3057 957 3114 torvum
981 3056 1114 3130 accipere
1137 3073 1295 3130 possumus

347 3177 361 3225 1
377 3176 448 3240 pote’r
466 3170 592 3225 iudicare
605 3169 631 3224 V
645 3178 724 3239 potes
741 3171 867 3226 iudicare
880 3170 906 3224 R
920 3173 1013 3239 potior
1030 3171 1153 3226 iudicari
1171 3170 1214 3225 ed.
1230 3187 1296 3238 poe·

273 3250 331 3299 mm
344 3243 469 3298 iudicare
487 3257 546 3295 nos.
569 3242 572 3313 l
592 3243 685 3297 redere
698 3243 853 3297 debuissent
866 3241 918 3295 VR
935 3259 964 3295 a·
984 3248 1026 3296 -et
1043 3242 1086 3296 ed.
1143 3248 1158 3296 3
1177 3243 1296 3297 sinistro

273 3315 355 3370 lateri
376 3313 560 3384 appellandus
578 3311 629 3366 VR
654 3314 748 3368 dextro
771 3315 787 3368 l.
808 3314 988 3382 apponendus
1005 3313 1049 3368 ed.
1072 3313 1119 3382 (ad
1140 3315 1239 3382 appell.
1259 3312 1294 3367 cf.

273 3389 299 3452 2,
314 3387 385 3456 1‘11).
445 3385 557 3439 leuius
575 3401 627 3438 om.
643 3385 687 3439 ed.
747 3389 763 3436 5
782 3385 893 3439 dextero
906 3384 958 3438 VR
975 3386 1087 3439 munuc
1106 3384 1150 3439 ed.
1210 3385 1296 3438 Vella

272 3454 325 3510 VR
342 3459 405 3526 ipsa
423 3456 466 3511 ed.
524 3460 558 3508 10
576 3457 685 3525 mapme
703 3462 728 3510 et
745 3454 771 3508 R
789 3457 878 3525 mayn
895 3461 921 3510 et
937 3455 962 3509 V
979 3472 1005 3509 m
1043 3458 1068 3510 is
1086 3456 1188 3510 omisso
1208 3461 1234 3510 et
1251 3456 1295 3509 ed.

274 3532 308 3581 11
331 3528 488 3583 destrictum
507 3524 558 3579 VR
585 3527 662 3582 distr.
687 3528 730 3580 ed.
812 3533 845 3580 12
872 3527 1010 3581 cbelicorm
1076 3529 1216 3581 caelicona
1233 3525 1267 3580 V.
1289 3526 1293 3598 Ι

272 3598 340 3653 duee
353 3597 411 3653 VR.
472 3604 506 3652 14
523 3604 621 3653 ceatrer
634 3598 685 3650 VR
703 3615 772 3652 corr.
788 3615 809 3652 r.
871 3602 904 3651 15
922 3614 972 3652 nec
989 3597 1070 3651 aliud
1083 3597 1135 3651 VR
1153 3598 1196 3652 ed.
1215 3614 1250 3652 ue
1268 3615 1294 3651 a.

272 3686 325 3725 nos
343 3668 379 3723 cf.
394 3674 453 3724 162.
512 3674 543 3723 17
559 3685 646 3723 aenea
659 3670 817 3725 euiuetitiae
826 3668 852 3722 V
866 3685 965 3723 aeneae
978 3670 1101 3723 iustitiae
1115 3669 1139 3722 R
1154 3670 1296 3724 Aeneam

276 3741 392 3797 aarum
411 3740 455 3795 ed.
529 3745 563 3794 18
583 3746 660 3795 erata
674 3739 732 3794 VR.
807 3745 841 3793 24
861 3757 907 3795 cor
943 3741 949 3753 ’
1012 3737 1070 3793 VR.
1100 3741 1102 3811 l
1131 3740 1239 3806 laetifer
1260 3738 1293 3792 R.

273 3816 308 3867 2⁰
327 3811 413 3866 abbas
429 3811 455 3865 R
476 3810 561 3878 (infra
579 3813 673 3879 recte).
747 3815 780 3864 27
801 3812 888 3880 pupis
931 3812 963 3865 R.
1037 3815 1071 3865 28
1089 3808 1295 3867 babeulemVR

271 3883 376 3939 meaa
395 3881 438 3937 ed.
458 3882 463 3953 l
484 3883 641 3950 appollonia
657 3882 857 3939 simulachrum
871 3881 906 3940 V.
