3142 4375
675 478 903 533 ffi'EIDOSX
1232 481 1299 546 333

280 648 325 707 dit
352 648 386 706 in
413 647 517 718 mie,
545 651 669 723 repente
698 646 847 706 dissoluta
878 652 924 707 est
955 650 986 706 et
1021 648 1053 705 in
1083 648 1173 707 undis
1202 646 1300 706 adhue

280 736 382 814 posite
409 736 491 796 viros
521 755 599 813 quos
631 737 775 813 portabat
805 735 920 795 effudit.
970 738 1121 810 frumino
1154 753 1299 795 remoram

281 843 354 901 potos
374 829 404 885 et
417 827 567 897 fluitantia
586 830 718 884 tanaim
737 826 892 899 inpediunt
908 826 1084 899 retrahitque
1093 826 1198 899 pedm
1211 826 1301 884 senet

279 915 366 975 wuda
386 914 536 973 relaberis:
556 934 626 974 oum
647 934 679 974 se
702 915 791 974 undis
814 914 942 974 liberare
964 916 1145 990 niterentur,
1167 916 1300 992 inpedie-

250 1003 394 1064 obantur
414 1004 569 1082 naufragii
590 1004 728 1081 partibus
750 1007 782 1063 et
804 1003 886 1062 unda
908 1007 1056 1064 retrorsus
1085 1004 1177 1064 dueta
1204 1006 1300 1063 niten-

280 1093 359 1154 tium
379 1111 499 1171 gressus
521 1096 553 1153 et
573 1094 703 1172 vestigia
725 1092 894 1153 revocabat

350 1182 415 1242 Neo
442 1182 578 1241 Trinium
609 1185 707 1257 seynis
737 1185 841 1241 retinet
870 1201 970 1241 moro:
1001 1202 1069 1241 cum
1097 1184 1153 1241 hoo
1181 1183 1300 1241 Turnus

280 1270 420 1346 vidisset,
441 1271 527 1331 nulla
547 1290 634 1331 mora
655 1273 756 1348 potuit
777 1274 915 1346 retineri,
942 1273 994 1330 sed
1021 1275 1101 1345 rapit
1122 1290 1190 1331 acer
1212 1277 1301 1331 totum

281 1362 374 1420 aem
400 1361 436 1419 in
465 1360 593 1419 Tereos
622 1366 649 1420 et
677 1366 778 1420 eontra
810 1363 841 1419 in
868 1362 950 1419 litore
972 1362 1057 1419 sistit.
1103 1365 1218 1438 quante
1241 1361 1302 1420 fuit

240 1465 265 1506 io
281 1449 412 1510 aviditas
441 1450 490 1509 vol
519 1453 634 1526 quanta
662 1469 749 1509 casus
778 1451 957 1528 emergentis
987 1450 1116 1510 occasio!
1146 1469 1238 1526 quem
1264 1470 1301 1508 ne

281 1539 436 1599 amitteret
452 1538 580 1613 Turnus,
598 1540 694 1599 omnis
713 1558 782 1599 suos
801 1559 836 1599 eo
850 1540 999 1618 congessit
1011 1539 1065 1597 ubi
1078 1538 1301 1615 inpedientibus

281 1627 383 1706 pelugi
403 1628 494 1688 undis
517 1648 533 1687 e
556 1628 674 1689 diverso
698 1631 845 1688 venientis
863 1629 982 1688 facilius
1001 1630 1066 1705 ipse
1085 1647 1120 1687 ao
1138 1629 1234 1687 tutius
1252 1647 1300 1686 ex-

280 1734 416 1796 pugnaro
438 1721 548 1794 posset
597 1720 684 1791 oipnu
712 1723 836 1777 canunt:
863 1720 1018 1796 signorum
1043 1720 1182 1777 hortante
1211 1720 1363 1784 oantu310

280 1806 359 1866 itum
389 1809 437 1865 ost
466 1806 499 1864 in
531 1811 690 1866 certamen
744 1809 863 1881 primus
891 1813 1004 1865 turmas
1033 1808 1143 1865 invasit
1179 1807 1302 1880 oprestis

240 1907 265 1949 ιι
281 1892 412 1965 Aeeteos,
441 1912 526 1954 ernon
552 1914 687 1970 perpetue:
731 1898 861 1973 primum
891 1914 1049 1973 possumus
1079 1898 1212 1972 aooipere
1240 1915 1301 1955 non

281 1987 402 2044 tantum
421 1985 521 2061 primo
542 1984 734 2061 incipientem
757 2006 862 2045 verum
889 1988 981 2045 otiam
1008 1987 1072 2045 sine
1100 1985 1228 2045 aliorum
1256 2003 1302 2044 so·

282 2074 405 2148 oietate3
426 2091 554 2151 magnae
578 2076 658 2133 enim
680 2075 779 2135 laudis
801 2076 898 2133 instar
921 2078 967 2133 est
989 2076 1048 2134 isse
1071 2095 1163 2133 unum
1187 2076 1219 2133 in
1242 2075 1301 2132 exi·

281 2162 360 2222 tium
387 2162 595 2240 plurimorum.
646 2166 805 2238 stravitque
834 2164 973 2233 Latinoe,
1004 2164 1114 2224 oooidit
1142 2164 1302 2241 plurimos:

281 2271 351 2312 oum
367 2271 429 2311 non
446 2251 521 2311 dioit
538 2255 660 2312 uomina
678 2274 733 2314 neo
751 2253 892 2330 exprimit
910 2255 1048 2328 quantos,
1066 2254 1303 2333 intellegendum

240 2353 266 2396 ao
282 2343 329 2402 est
341 2341 453 2401 multos
467 2360 531 2401 esse
545 2346 711 2419 prostratos
730 2348 761 2403 et
777 2343 832 2401 ubi
849 2343 963 2401 dictum
982 2346 1028 2401 est
1046 2344 1173 2422 agrestis
1187 2348 1302 2403 turmas

281 2430 376 2491 fuisse
393 2431 505 2490 multos
523 2433 628 2506 procul
647 2432 737 2491 dubio
755 2432 853 2492 inesse
871 2433 1013 2507 potuisse.
1050 2434 1143 2491 occiso
1158 2434 1303 2491 Hemone:

281 2521 361 2579 huno
384 2537 453 2579 oum
475 2521 594 2580 nomine
612 2521 726 2598 posuit,
745 2522 828 2598 quod
846 2521 954 2580 fuisset
971 2522 1108 2598 cognitus
1127 2525 1158 2580 et
1175 2541 1302 2600 magnae

281 2608 418 2683 virtutis,
441 2611 590 2684 quantum
613 2613 715 2669 antem
736 2610 862 2669 fiduciae
886 2609 1033 2669 extitisset
1056 2611 1212 2686 sequentia
1234 2629 1301 2685 pro-

282 2698 370 2759 bent:
398 2698 509 2768 etrum,
539 2699 652 2775 inquit,
682 2701 733 2773 qui
760 2700 921 2766 maximus,
952 2699 1074 2757 illorum
1105 2699 1219 2758 scilicet
1250 2698 1303 2774 qui

239 2798 266 2841 ao
282 2786 373 2847 strati
394 2791 466 2846 sunt
489 2790 543 2847 aut
565 2791 730 2847 ceterorum
754 2790 846 2847 etiam
864 2788 1052 2846 Rutulorum.
1084 2788 1160 2845 ultro
1179 2787 1302 2845 Aenean

281 2877 366 2950 petit:
394 2877 467 2936 talis
496 2877 610 2937 oooiaus
641 2880 687 2936 est
716 2877 768 2952 qui
798 2897 859 2936 non
889 2876 1056 2936 dubitasset
1084 2876 1165 2934 ultro
1195 2877 1238 2934 ire
1270 2877 1303 2934 in

281 2964 403 3025 Aeneae
426 2967 602 3041 perniciem,
625 2967 677 3025 sed
699 2967 778 3024 huno
796 2966 885 3025 faoile
904 2966 1032 3025 oooisum
1053 2964 1127 3024 dieit
1144 2964 1303 3023 nobilitate

281 3053 422 3132 potioris,
446 3055 499 3130 qui
518 3054 555 3113 ab
574 3055 634 3114 atio
653 3074 713 3114 non
731 3059 833 3130 posset
850 3055 958 3130 oooidi3
977 3057 1095 3114 tautam
1113 3057 1191 3113 enim
1211 3053 1304 3113 sensit

282 3142 402 3203 Aeneae
416 3142 568 3203 virtutem.
599 3145 667 3203 hoio
682 3145 782 3218 plodio
793 3161 902 3217 perque
916 3161 1002 3203 aereo
1017 3148 1093 3212 seito,
1104 3161 1160 3217 per
1173 3144 1304 3202 tunicam

355 3300 372 3348 2
391 3295 490 3362 effudit
502 3295 528 3348 V
542 3295 585 3350 ed.
600 3296 717 3364 effundit
730 3296 763 3350 R.
785 3296 788 3367 1
809 3295 962 3362 frammioo
975 3296 999 3349 R
1020 3312 1088 3349 oorr.
1103 3313 1124 3348 r.
1186 3300 1205 3348 t
1222 3295 1304 3364 pedes

282 3365 327 3420 ei
390 3371 406 3420 5
425 3367 503 3421 weda
522 3383 575 3421 om.
591 3367 634 3422 od.
653 3383 704 3435 pro
723 3367 807 3422 dueta
825 3362 971 3420 substituit
990 3366 1033 3421 ed.
1053 3369 1124 3435 poet.
1188 3371 1220 3420 11
1240 3382 1303 3421 oon-

281 3438 363 3493 eeeeit
375 3435 427 3491 VR
445 3439 578 3508 cooposeit
599 3454 649 3492 nos
672 3438 768 3505 inepte
789 3440 857 3490 mut.
877 3437 921 3491 ed.
996 3443 1029 3491 12
1048 3436 1206 3492 oatutiueV
1226 3442 1303 3492 octu-

281 3513 329 3563 iue
345 3507 373 3562 R
390 3515 416 3563 et
434 3511 543 3564 cautius
561 3509 604 3563 ed.
661 3514 694 3562 14
712 3509 744 3562 io
763 3525 816 3562 om.
830 3509 863 3561 R.
889 3508 892 3579 t
918 3515 1047 3577 aprestoe,
1066 3507 1116 3562 sed
1134 3507 1208 3561 infra
1226 3526 1244 3563 a
1277 3526 1303 3562 e·

281 3580 334 3635 atie
346 3577 406 3633 VR.
467 3585 500 3634 17
518 3582 571 3635 isse
588 3597 675 3635 uuum
688 3578 740 3632 VR
757 3581 816 3647 ipse
833 3595 907 3634 unua
925 3579 968 3633 ed.
1024 3583 1058 3632 20
1073 3585 1230 3648 prostratio
1243 3525 1301 3632 VR.

282 3656 317 3705 21
331 3651 429 3705 nothis
441 3649 493 3705 VR
507 3651 551 3705 ed,
565 3653 664 3706 multoe
677 3666 735 3703 nos.
757 3649 761 3722 Ι
777 3651 911 3718 potuisset
920 3649 971 3703 VR
985 3650 1030 3703 ed.
1081 3655 1114 3703 28
1129 3651 1229 3719 probat
1243 3648 1302 3703 VR.

282 3726 319 3775 24
337 3722 431 3791 inquit
448 3738 501 3776 om.
516 3722 559 3776 ed.
628 3726 662 3775 25
681 3728 828 3776 ceterorum
846 3723 928 3775 etiam
947 3737 1000 3774 om.
1016 3720 1060 3775 ed.
1129 3727 1162 3775 26
1180 3721 1254 3777 ultro
1272 3722 1304 3776 io

281 3790 336 3847 VR
353 3793 395 3848 ire
412 3791 545 3861 interpoe.
561 3793 604 3848 ed.
659 3797 693 3845 28
709 3809 766 3847 noo
781 3809 835 3846 om.
851 3792 921 3847 odV.
938 3792 942 3863 l
963 3797 1071 3848 tautum
1080 3790 1133 3846 VR
1144 3794 1251 3847 introeo
1263 3792 1314 3845 et.
1381 3780 1385 3843 t

281 3868 319 3919 2⁹
336 3863 411 3920 hoie
425 3862 476 3917 VR
494 3863 537 3919 ed.
553 3881 620 3919 corr.
637 3864 678 3918 ed.
692 3865 765 3934 poet.
792 3863 795 3938 t
822 3881 876 3936 per
894 3882 953 3937 quo
971 3881 1073 3923 ooeoa
1089 3870 1124 3920 ot
1143 3860 1297 3933 opeeVR-
