3142 4375
294 522 360 588 404
579 512 1030 576 nonnununuruvsus.

295 693 320 748 et
350 705 396 747 me
429 692 587 748 centonem
617 690 682 747 nati
713 688 833 750 werede
863 690 1030 763 sepulchro.-
1066 693 1234 751 eonsoitem
1264 711 1313 751 me

294 776 392 837 feeisti
421 777 484 836 filio
506 795 571 837 uno
601 779 762 855 utrumque
792 777 894 856 gladio
923 780 1085 857 perimens:
1114 782 1168 839 uni
1190 798 1244 840 nos
1268 800 1313 841 se-

294 866 432 943 pulchro,
464 866 551 943 pulso
580 885 714 926 meorum
743 867 857 943 furore,
887 869 1022 929 concede.
1073 870 1144 929 haee
1176 869 1311 943 loquitur,

293 956 351 1015 hoc
374 958 420 1015 est
443 955 514 1015 dum
531 955 605 1016 haec
627 956 770 1033 loquitur.
806 956 962 1032 tupquue
978 957 1052 1018 haut
1072 959 1185 1018 inscius
1207 961 1270 1020 acet
1296 961 1314 1019 't

295 1061 406 1105 ensem:
427 1044 568 1122 probavit
584 1044 749 1105 Mezentius
769 1046 851 1123 quod
872 1046 1000 1107 libenter
1022 1048 1213 1124 quaesiverat
1233 1067 1313 1111 mor·
1346 1066 1359 1107 e

294 1138 364 1194 tem.
409 1135 506 1194 seiens
536 1134 664 1212 denique
693 1134 833 1211 praebuit
860 1136 1013 1215 iugulum,
1042 1138 1138 1197 sciens
1167 1137 1314 1215 impeturn

294 1224 445 1283 mucronis
464 1224 587 1301 excepit
623 1223 807 1298 manrique
826 1225 930 1285 anima
948 1225 1068 1298 diffudit
1087 1228 1122 1286 tn
1144 1243 1231 1287 arma
1248 1244 1314 1287 eru»

295 1329 388 1373 orem:
421 1331 481 1390 quo
513 1314 593 1373 fecto
626 1332 761 1373 eruorem
790 1315 823 1373 in
855 1332 939 1373 arma
969 1314 1090 1374 diffudit
1119 1316 1150 1374 et
1181 1317 1314 1375 unimam

294 1404 422 1462 naturae
445 1401 588 1462 restituit

367 1578 383 1627 3
403 1573 490 1641 pulsu
508 1572 552 1628 ed.
615 1579 632 1627 4
650 1573 717 1629 dum
733 1574 801 1630 turc
818 1572 978 1644 loquiterV
995 1576 1061 1629 haec
1079 1576 1236 1630 Mezentius
1248 1590 1313 1643 pre·

295 1645 384 1699 cando
397 1644 519 1714 loquitur
532 1643 575 1699 ed.
632 1649 648 1697 ‘1
666 1644 879 1715 mtdentiqm-
887 1662 1009 1702 eruerem
1022 1644 1049 1699 V
1062 1645 1216 1700 secundum
1229 1644 1313 1715 Verg.

295 1713 382 1769 libros
400 1717 470 1769 mut.
485 1715 537 1782 ed.¹
557 1715 607 1770 sed
623 1714 858 1785 interpretatione
877 1716 1069 1784 confirmatur,
1085 1715 1156 1772 Don.
1171 1717 1246 1772 enim
1261 1734 1314 1771 un-

296 1787 376 1842 danti
389 1803 441 1856 pro
455 1786 544 1842 effusa
558 1787 721 1855 aceepit-
736 1786 905 1858 subscriptio
915 1788 996 1844 deest
1007 1789 1100 1858 spatio
1108 1787 1208 1844 relicto
1217 1803 1314 1843 venno.
