3142 4375
666 466 907 522 musmosnr
1230 470 1294 535 287

276 636 332 694 aut
348 633 522 695 truderetur
539 634 694 696 moenibus
717 637 748 695 et
770 638 904 695 armatus
926 636 971 695 ire
994 638 1150 715 cogeretur
1170 634 1204 694 in
1226 655 1295 714 gnr-

275 722 371 802 gitem
398 726 453 784 aut
479 723 589 803 gladiis
616 727 788 802 peremptus
817 724 1011 785 occumberet.
1063 729 1125 784 term
1152 728 1207 784 teto
1236 742 1296 784 eor-

271 829 347 888 pore
363 813 456 873 sudor
473 813 595 887 liquitur
613 819 640 873 et
652 815 770 888 picemrr
784 814 850 887 (nee
867 815 1016 888 respirare
1028 814 1173 889 potestus)
1187 816 1296 886 flumen

275 902 352 978 opit:
370 901 438 962 ibat
455 902 546 963 sudor
563 923 599 963 ex
618 904 714 962 Turni
732 921 855 980 corpere
872 903 990 980 piceum
1008 903 1120 963 flumen
1138 903 1296 964 ostendens

248 1007 331 1052 snec
357 991 420 1051 fnit
445 992 614 1052 resumendi
641 991 764 1069 aliquod
791 993 931 1068 spatium.
976 994 1070 1066 fessos
1097 994 1190 1066 quatit
1211 1010 1297 1068 ceper

275 1079 423 1140 mrbelitus
452 1085 550 1141 ortus:
581 1081 711 1160 fatigata
740 1081 868 1141 hominis
900 1081 1033 1142 membra
1065 1082 1214 1143 anhelitus
1247 1083 1295 1141 de-

274 1168 387 1229 biliora
416 1169 573 1247 reddebat3
610 1189 734 1249 aegrum
767 1171 933 1230 anhelitum
965 1171 1055 1247 dixit,
1086 1173 1159 1247 quia
1191 1189 1295 1250 aegros

275 1258 352 1318 facit
373 1261 405 1318 et
428 1258 542 1319 debilis.
588 1263 650 1318 trrm
672 1260 790 1319 demum
810 1277 955 1334 praeceps
977 1262 1056 1320 sotim
1078 1277 1140 1320 sese
1162 1261 1296 1320 omnibus
1305 1271 1357 1322 815

275 1348 384 1417 arrum,
406 1348 532 1428 hoc-est
554 1350 608 1407 aut
631 1348 764 1408 omnium
781 1350 895 1409 virtute
918 1352 973 1408 aut
995 1368 1063 1409 cum
1088 1351 1178 1408 armis
1202 1351 1295 1408 emni-

239 1453 261 1496 m
274 1435 347 1518 bus,
369 1437 514 1514 qnoniam
536 1440 686 1497 armatum
709 1456 772 1498 esse
795 1438 965 1513 constabat,
992 1440 1026 1497 ire
1051 1439 1176 1510 tierrimn
1204 1439 1296 1498 dedit:

274 1543 336 1586 non
362 1525 467 1586 timuit
494 1545 524 1585 se
551 1526 747 1603 praecipitem
775 1527 845 1587 dare
873 1528 927 1604 qui
954 1527 1068 1587 sciebat
1090 1546 1121 1587 se
1144 1528 1177 1585 in
1199 1528 1295 1586 undas

275 1633 340 1676 esse
362 1618 536 1692 venturum3
559 1617 665 1676 melius
689 1618 802 1694 quippe
820 1618 934 1675 certum
956 1616 1121 1692 periculum
1143 1616 1247 1694 fugere
1265 1619 1296 1674 et

274 1704 376 1766 subire
404 1704 485 1781 quod
511 1724 574 1765 esse
604 1713 706 1782 posset
731 1708 888 1765 incertum.
934 1705 982 1764 itte
1008 1723 1062 1765 seio
1090 1723 1156 1765 cum
1182 1706 1295 1779 premite

274 1795 354 1866 flore
384 1795 493 1869 occepit
521 1796 680 1854 omimtem
707 1813 743 1855 oe
768 1795 904 1854 moltibus
932 1794 1033 1854 extulit
1057 1795 1161 1853 undis:
1190 1796 1294 1853 contra

239 1898 261 1940 u
275 1901 360 1960 spem
387 1882 521 1942 omnium
549 1886 578 1943 et
601 1903 687 1943 suam
710 1885 827 1944 Turnus
851 1886 990 1960 exceptus
1017 1885 1128 1959 estet,
1156 1883 1228 1959 quia
1251 1883 1293 1942 al·

274 1971 408 2032 titudine
440 1974 569 2051 gurgitis
600 1973 649 2033 vel
680 1972 809 2033 maxime
847 1975 980 2033 armatus
1016 1975 1111 2050 premi
1146 1974 1294 2049 potuerat,

275 2061 391 2122 virtute
420 2062 518 2140 magis
547 2062 644 2122 undae
675 2063 816 2122 collectae
846 2081 1007 2139 suspensus
1035 2064 1088 2122 est
1134 2066 1161 2121 et
1187 2063 1295 2121 tactem

276 2152 364 2213 sociis
382 2151 484 2212 comm
505 2152 590 2212 coede
612 2153 738 2212 remisit:
761 2154 852 2229 atque
869 2151 915 2212 ita
932 2152 1046 2212 fectum
1065 2154 1110 2212 est
1128 2154 1164 2212 ut
1181 2151 1294 2212 laetum

277 2238 456 2321 gurgiteque
479 2241 616 2302 ablutum
638 2242 770 2303 misisset
793 2242 957 2302 adsocies.

350 2417 365 2465 1
385 2417 412 2467 ct
423 2418 548 2466 aremius
561 2411 587 2464 V
600 2419 652 2467 aut
664 2429 690 2466 a.
706 2412 750 2468 ed.
802 2418 817 2465 2
836 2412 939 2482 pladite
953 2412 979 2465 V
996 2412 1097 2467 iaculis
1115 2411 1159 2466 ed.
1213 2417 1229 2465 3
1249 2413 1302 2466 tm-

278 2484 373 2553 quim
391 2481 425 2538 V.
456 2482 459 2551 Ι
493 2499 536 2538 res
555 2485 693 2551 respirare
712 2484 745 2538 V.
819 2489 835 2537 5
854 2484 1010 2539 resumendi
1023 2483 1049 2536 V
1067 2484 1197 2552 spiritum
1214 2500 1237 2538 r.
1258 2483 1301 2537 ed.

279 2559 295 2608 t
312 2554 432 2610 detritos·
444 2552 470 2607 V
485 2553 528 2608 ed.
611 2558 627 2608 8
646 2556 734 2609 saltus
752 2571 808 2610 esee
821 2555 854 2608 V.
937 2560 953 2608 9
973 2556 1061 2610 omme
1074 2555 1100 2608 V
1113 2555 1239 2609 ommibus
1257 2554 1300 2608 ed.

280 2630 311 2679 12
329 2626 410 2695 fuere
427 2632 454 2680 et
466 2625 492 2678 V
510 2625 605 2695 supere
623 2632 649 2680 et
666 2624 692 2679 U
709 2626 812 2692 fuitei
829 2626 871 2680 ed.
947 2631 979 2680 18
999 2625 1110 2695 qaodV
1128 2643 1212 2694 qoam
1230 2626 1303 2694 qood

278 2696 322 2751 ed.
342 2696 347 2769 Ι
365 2697 501 2766 petiisset
514 2696 556 2751 ed.
609 2701 643 2750 18
660 2699 761 2752 loetum
775 2697 801 2750 V
815 2714 868 2751 om.
884 2696 969 2751 HOU
985 2697 1028 2751 ed.
1081 2702 1114 2749 19
1130 2703 1263 2766 paratque
1276 2696 1302 2749 V

278 2766 447 2839 audomaro
466 2774 546 2836 atque
559 2766 585 2820 U
600 2784 653 2822 om.
669 2785 733 2822 cnm
752 2769 846 2837 spatio
860 2768 888 2821 H
905 2771 1063 2838 pmryiteqce
1081 2784 1132 2822 nos
1151 2773 1184 2821 ut
1200 2768 1302 2835 fluvius

278 2856 340 2895 cess
349 2839 461 2909 placide
474 2841 622 2907 accepisset
634 2846 715 2908 atque
729 2840 771 2893 ed.
789 2840 793 2911 Ι
814 2841 943 2894 misisset
956 2840 982 2893 V
994 2841 1141 2896 remisisset
1154 2838 1197 2893 ed.
1215 2839 1218 2907 t
1236 2842 1301 2907 post

278 2912 367 2967 rados
384 2927 463 2977 „non
481 2911 557 2979 quod
576 2910 675 2964 fluvius
694 2911 837 2965 hominem
856 2911 998 2979 exceperit
1017 2911 1067 2964 aut
1084 2910 1232 2975 remiserit,
1251 2909 1301 2963 sed

278 2980 471 3108 ffi‘zl'umtps
492 2981 584 3107 ellatup
603 2997 637 3035 ac
656 2982 774 3106 aflupio
796 2981 879 3036 facile
898 2998 1025 3107 egrpssus
1045 2981 1082 3035 ad
1101 2981 1200 3106 splciost
1210 2997 1239 3035 se
1258 2997 1301 3034 re-

392 3070 423 3106 m
488 3069 523 3107 0.
547 3068 562 3106 e
585 3095 590 3107 .
614 3069 627 3106 s
648 3069 711 3106 uria
757 3069 808 3108 aec
831 3069 890 3107 esse
913 3070 945 3108 ve
981 3070 1036 3116 „ec
1055 3057 1093 3106 e“
1137 3068 1186 3107 oce
1205 3095 1212 3118 ,
1237 3068 1300 3106 cum

279 3122 350 3179 Deru
365 3070 697 3193 „scqurds‘rsoripn'ims
711 3124 809 3192 inerit3
825 3124 926 3179 desunt
939 3125 969 3178 in
979 3123 1104 3178 VHOU.
1120 3155 1154 3163 —
1174 3123 1301 3192 sequitur

279 3210 354 3281 quae
378 3194 451 3252 solet
475 3195 658 3263 subscriptio:
688 3198 779 3252 Tiberi
804 3197 907 3253 Claudi
931 3197 1046 3265 (Claude
1059 3195 1096 3265 V)
1115 3196 1225 3250 Donati
1247 3197 1299 3249 etc.

278 3267 547 3339 apter-merse.
