3142 4375
644 494 829 549 AENEIDOS
843 494 908 549 VIII
1225 497 1289 563 125

270 681 326 737 qm>
353 668 380 722 te
407 680 527 736 ermque
557 664 624 721 leem
653 664 841 721 miserantem
868 664 1051 721 imemmmodo
1080 668 1181 722 mostra
1210 665 1333 737 forstero

269 757 360 823 terres,
389 770 566 825 quonamque
592 752 652 810 selo
673 752 893 824 pulcherrimas
920 754 996 809 eris:
1022 772 1083 827 quo
1109 756 1289 829 tecumque

268 842 316 901 bis
340 842 546 919 accipiendum
570 844 628 915 est,
650 844 686 899 ut
708 842 749 900 sit
772 860 833 916 quo
856 844 886 899 te
909 860 1035 917 eumque
1057 842 1126 900 laen
1150 844 1233 901 tenes
1258 845 1289 902 et

268 949 459 1008 quocumque
482 932 564 990 fonte
587 931 762 1005 contineris3
787 930 839 989 sed
865 930 973 988 horum
1000 931 1128 989 alterum
1155 932 1194 989 ud
1223 933 1288 992 eius

238 1042 251 1082 s
269 1021 416 1098 originem
438 1022 577 1098 pertinet,
600 1021 728 1079 alterum
750 1018 789 1077 ad
812 1018 932 1078 exitum.
963 1036 1077 1091 semper
1093 1020 1200 1078 homere
1216 1038 1287 1089 meo,

268 1126 382 1182 semper
409 1111 586 1168 celebrabere
613 1110 712 1167 domis:
735 1110 812 1183 sive,
835 1108 948 1183 inquit,
972 1107 1010 1167 ad
1033 1108 1180 1185 originem
1202 1112 1288 1168 tuam

267 1217 387 1273 venero,
410 1198 471 1259 sive
494 1202 524 1257 te
547 1199 580 1256 in
603 1198 670 1256 aliis
693 1198 767 1256 loeis
791 1198 972 1256 constitutus
996 1199 1151 1256 exeuntem
1168 1217 1287 1274 repper-

268 1307 320 1347 ero
338 1288 386 1348 vel
405 1286 559 1346 eonditum
575 1287 652 1360 laon,
670 1286 826 1345 celebrabo
843 1288 874 1344 te
893 1286 980 1345 donis
994 1304 1111 1363 semper
1129 1290 1159 1346 et
1172 1306 1289 1364 semper

267 1376 421 1437 honorabo
444 1376 624 1435 muneribus.
671 1395 787 1453 semper
810 1375 997 1451 duplicatum
1019 1376 1140 1452 plenam
1161 1379 1287 1453 praesti·

222 1488 251 1529 io
267 1470 370 1526 torum
382 1465 557 1525 memoriam
575 1467 732 1523 monstrat.
764 1464 833 1523 fons
851 1469 882 1524 et
899 1464 984 1525 laous
1002 1484 1062 1523 non
1080 1470 1153 1525 sunt
1171 1467 1287 1526 eadem:

261 1556 336 1615 ‘fons
366 1559 411 1614 est
440 1555 494 1613 ubi
522 1557 568 1613 est
598 1573 694 1630 aquae
722 1554 860 1628 initium,
889 1554 973 1613 lasus
1000 1554 1054 1612 ubi
1082 1555 1175 1615 fontis
1207 1575 1288 1631 aqua

268 1645 430 1722 colligitur.
462 1646 518 1703 hoe
537 1663 608 1721 ergo
626 1643 743 1702 numini
761 1643 902 1721 spondet:
924 1642 1104 1719 ubicumque
1121 1646 1162 1717 te,
1178 1644 1288 1720 inquit,

267 1734 423 1808 invenero,
445 1735 507 1793 sive
525 1736 697 1793 nascentem
714 1752 750 1791 ex
768 1733 852 1791 fonte
871 1733 933 1793 sive
953 1733 984 1790 in
1003 1735 1111 1810 stagno
1130 1734 1288 1792 oolleetum

268 1823 331 1883 sive
354 1823 494 1882 fluentem
516 1843 570 1899 per
591 1823 701 1881 liberos
724 1824 834 1895 eritne,
857 1821 1021 1881 venerabor
1041 1824 1072 1881 te
1094 1842 1149 1898 pro
1172 1822 1287 1882 meritis

222 1933 249 1973 ie
268 1914 330 1971 tuis
353 1916 383 1971 et
406 1931 522 1989 semper
544 1913 666 1971 offeram
688 1913 768 1971 vota.
814 1930 931 1987 semper
952 1912 1044 1971 etiam
1065 1911 1142 1970 illud
1169 1910 1288 1970 videtur

267 2002 444 2079 significare,
462 2002 576 2079 iugiter
587 1999 751 2060 inferendis
768 1999 940 2059 muneribus
958 2001 1094 2059 sutmum
1112 1999 1287 2076 obnoxium3

269 2092 367 2150 solent
389 2091 499 2168 quippe
523 2090 644 2150 liberari
666 2109 743 2148 nexu
767 2090 821 2166 qui
839 2090 929 2148 semel
947 2092 1130 2165 promittunt
1148 2092 1179 2149 et
1197 2090 1287 2149 semel

268 2182 339 2260 rota
375 2181 558 2257 persolvunt.
613 2180 745 2255 eerm'per
779 2179 979 2253 Hesperidum
1010 2181 1120 2251 ftmotms
1151 2184 1288 2254 repmator

269 2287 429 2340 mauram:
452 2273 588 2348 corniger
609 2271 685 2344 ideo,
709 2270 781 2346 quia
804 2288 1031 2344 nonnumquam
1053 2270 1176 2328 flumina
1195 2269 1287 2329 saissa

221 2376 251 2416 so
267 2355 300 2412 in
322 2358 417 2432 partIs
435 2360 591 2434 tamquam
613 2361 646 2417 in
668 2377 781 2418 oornua
800 2359 984 2418 dividuntur.
1016 2357 1216 2435 Hesperidum
1232 2359 1287 2417 fiu-

268 2444 343 2518 vius‚
362 2445 469 2523 dignus
489 2448 542 2522 qui
559 2466 613 2523 per
630 2448 753 2506 Italiam
771 2448 855 2507 fluas.
892 2450 1035 2523 regnator
1053 2466 1209 2523 aquarum,
1227 2467 1286 2506 non

268 2551 391 2592 suarum
412 2537 633 2611 tantummode,
652 2536 704 2595 sed
728 2538 863 2595 omnium
885 2536 1051 2595 fluminum.
1082 2538 1138 2596 hoo
1160 2536 1286 2596 dicendo

268 2623 365 2682 voluit
377 2625 456 2682 huuc
470 2625 570 2684 studio
584 2624 738 2684 laudantis
747 2625 895 2686 universis
909 2624 1047 2684 amnibus
1057 2644 1120 2684 esse
1129 2627 1286 2702 potiorem.

194 2706 199 2717 '
269 2712 351 2771 adsis
373 2731 390 2771 o
413 2717 541 2772 tamtam:
571 2713 651 2772 adsis
680 2714 796 2774 nisibus
825 2714 912 2788 meis,
941 2715 998 2774 hoe
1028 2717 1074 2774 est
1097 2719 1181 2774 aetus
1204 2733 1286 2773 meos

221 2818 249 2861 11
267 2819 327 2860 non
350 2801 468 2862 deseras
491 2806 570 2879 peto.
608 2807 633 2860 et
649 2803 790 2876 plueidms
812 2808 865 2862 tao
886 2804 991 2862 mrmio
1012 2804 1127 2875 firmes:
1149 2803 1285 2879 placidus

268 2894 376 2966 mente,
394 2893 531 2967 placidus
549 2891 679 2966 flumine,
698 2895 822 2968 propter
839 2893 1034 2950 inminentem
1052 2891 1285 2969 navigationem.

267 2981 310 3038 sie
331 2985 471 3040 memorat
491 2983 679 3055 pemmosqme
702 2982 769 3055 tepet
791 2983 826 3040 de
852 2982 943 3040 ebosse
969 2982 1087 3040 biremis
1110 2982 1329 3055 reimpioqmeso

268 3073 320 3141 apt
340 3074 358 3138 t,
390 3072 482 3129 sorios
517 3071 607 3129 simol
641 3072 762 3131 instruit
797 3072 905 3130 armis:
939 3089 1051 3148 magna
1086 3069 1218 3130 brevitas
1255 3074 1286 3129 et

267 3159 392 3233 pulahra
410 3161 441 3217 in
459 3159 606 3220 brevitate
627 3159 796 3236 descriptio.
837 3161 923 3219 navis
942 3159 1035 3237 elegit
1053 3160 1140 3234 duas,
1162 3160 1217 3219 has
1239 3161 1284 3218 in-

218 3264 248 3304 so
267 3247 360 3307 struit
386 3250 476 3307 remis
504 3252 534 3308 et
562 3251 649 3325 aptas
681 3249 816 3309 oursibus
844 3251 979 3326 praestat
1006 3253 1036 3308 et
1063 3252 1162 3308 armat
1188 3250 1284 3308 socios

267 3354 341 3412 quos
360 3337 460 3396 fuerat
477 3341 663 3414 portaturus.
693 3338 759 3397 ideo
774 3338 867 3415 elegit
880 3338 1010 3414 biremiS,
1024 3339 1167 3412 quoniam
1181 3341 1285 3397 senaa

338 3531 353 3578 1
374 3527 437 3580 laem
454 3526 485 3578 in
502 3525 635 3580 lemmate
655 3526 731 3580 laems
749 3525 780 3580 in
798 3524 950 3593 interpr.V
967 3527 1044 3580 bacae
1061 3525 1212 3594 utrobique
1231 3525 1284 3593 ed,

265 3595 315 3649 sed
338 3595 602 3664 interpretationem
625 3598 688 3652 laem
710 3613 826 3666 poscere
848 3599 937 3665 patet.
1011 3599 1222 3652 loonetitmtam
1241 3596 1284 3653 ed.

265 3672 299 3720 21
318 3669 389 3735 fimat
406 3669 449 3722 ed.
506 3675 540 3722 24
558 3668 705 3723 tamtmmV
724 3669 835 3723 tamdem
853 3669 896 3722 ed.
924 3668 927 3739 l
953 3668 1100 3723 aisibmsV
1117 3669 1223 3723 visibus
1240 3668 1283 3722 ed.

263 3739 361 3793 usibus
389 3740 432 3794 ed.
456 3743 528 3809 post.
608 3746 641 3794 25
668 3746 694 3794 et
715 3741 828 3808 ploeide
854 3740 924 3794 Don.
951 3739 1053 3809 legisse
1078 3742 1186 3794 temere
1209 3756 1294 3804 susp.

263 3808 403 3878 Hoppius.
432 3810 435 3876 l
464 3813 563 3866 mania
576 3811 602 3864 V
619 3813 737 3866 ammira
755 3811 800 3868 ed,
819 3813 849 3867 et
865 3810 954 3884 Verg.
968 3811 1051 3867 libri.
1123 3816 1166 3865 ‘ti
1184 3806 1309 3878 qmbW

263 3882 396 3949 psmmedo
411 3881 443 3933 H
458 3883 514 3935 ed:
527 3883 613 3938 ⁴buno
635 3901 759 3942 errorem
781 3885 815 3941 in
831 3886 1050 3957 posterioribus
1063 3883 1159 3940 lionis
1175 3885 1332 3948 petowe*
