3142 4375
560 561 565 568 .
665 509 894 565 mnamosx
1224 512 1290 579 395

269 683 296 739 ct
306 683 398 754 praa
411 680 519 754 gracia
537 697 624 739 arma
637 679 803 754 qamscemt:
821 679 918 757 galea,
936 676 1008 755 quia
1020 698 1081 738 non
1095 678 1200 758 magni
1216 698 1290 757 pon·

269 768 349 829 deris
367 768 440 844 fuit,
462 767 612 846 pendebat
630 787 666 828 ex
684 768 801 844 arbore,
825 787 922 843 arma,
945 769 1018 845 quia
1036 769 1141 847 gravia
1159 769 1292 844 fuerunt,

268 859 358 937 prato
375 858 508 934 reposita
527 857 726 934 quiescebant.
762 862 843 918 stam
862 858 927 917 lecte¹
946 858 1056 917 circam
1077 859 1210 918 taceres:
1238 858 1292 936 qui

269 948 439 1008 solarentur
451 966 577 1025 aegrum
591 950 623 1007 et
636 946 763 1006 debilem
775 949 941 1007 tuerentur.
963 948 1026 1021 ipsc
1039 964 1133 1021 ceper,
1148 948 1291 1007 anhelum

239 1036 345 1097 reoda
371 1036 462 1109 foret:
491 1035 615 1096 adiutus
643 1036 758 1095 arboris
784 1038 892 1096 trunco
919 1036 1073 1096 reficiebat
1094 1036 1186 1112 colla,
1214 1053 1292 1113 quae

268 1125 390 1185 fuerant
413 1124 513 1183 dolore
536 1126 659 1186 lassata.
688 1126 776 1199 fusas
790 1142 954 1200 propexam
970 1126 1005 1184 tn
1016 1129 1133 1199 pectere
1151 1127 1292 1186 bartam:

268 1215 326 1274 hoc
349 1233 386 1272 ex
404 1212 589 1274 abundantia
608 1216 654 1274 est
670 1214 813 1290 positum.
844 1216 939 1274 matta
956 1232 1046 1287 saper
1062 1214 1167 1274 Lauso
1185 1216 1293 1289 rogitat

267 1303 449 1376 macraeque
477 1303 596 1361 remittit
618 1304 669 1375 qut
689 1308 822 1363 revocent
845 1305 1005 1376 meraca
1026 1304 1126 1377 fruct
1146 1305 1292 1364 mandute
1301 1317 1354 1369 840

263 1392 419 1467 pareatis:
442 1391 633 1452 considerans
656 1412 692 1452 ex
710 1391 843 1452 adversis
863 1392 925 1452 suis
945 1396 1090 1470 quautam
1111 1394 1173 1451 vim
1191 1395 1291 1470 pertu-

223 1500 252 1543 ιο
269 1481 355 1542 lieset
376 1480 480 1539 Aenea
503 1484 649 1555 certante,
670 1483 805 1541 tractans
824 1500 943 1559 quoque
965 1482 1011 1540 fili
1028 1500 1187 1558 personam
1210 1484 1291 1541 aeta-

268 1572 391 1646 temque
409 1568 601 1630 considerans
617 1570 781 1647 quaerebat
792 1571 956 1647 plurimum
973 1569 1047 1646 quid
1061 1573 1164 1649 ageret
1173 1570 1291 1632 Lausus

270 1662 302 1720 et
323 1658 470 1737 plurimos
493 1660 635 1719 mittebat
658 1678 692 1720 ac
710 1678 799 1736 saepe
814 1661 867 1735 qui
884 1659 1060 1720 reducerent
1081 1660 1292 1736 inprudentem

270 1749 301 1808 et
318 1750 427 1808 maesti
444 1748 541 1826 patris
558 1749 702 1808 mandata
719 1750 894 1825 perferrent.
921 1748 1029 1809 maesti
1046 1749 1167 1824 merito,
1185 1751 1291 1825 utpote

271 1836 382 1916 quiex
405 1838 537 1897 vulneris
561 1856 651 1898 causa
674 1838 748 1897 satis
771 1837 892 1898 saucius
915 1840 946 1897 et
969 1838 1005 1897 de
1027 1837 1072 1896 fili
1094 1841 1172 1898 esset
1193 1838 1291 1916 magis

223 1944 251 1987 rc
269 1926 427 2006 magisque
445 1927 544 1986 salute
558 1928 714 1987 sollicitus.
738 1931 769 1986 at
780 1927 920 1987 Lausum
937 1928 1009 1987 socii
1023 1928 1186 1987 exanimem
1203 1943 1292 2001 saper

271 2034 358 2076 armo
370 2016 505 2089 ferebam
516 2018 631 2087 flectes,
650 2017 796 2090 tepentem
814 2021 898 2090 utque
910 2017 1021 2091 tepente·
1033 2017 1153 2076 calnae
1169 2016 1292 2075 cicccc:

269 2104 356 2165 missi
379 2108 480 2164 autem
503 2105 663 2165 veniebant
680 2104 799 2180 flentes,
820 2125 881 2165 non
903 2106 1077 2166 reducentes
1100 2107 1217 2181 vivum,
1239 2106 1293 2165 sed

270 2197 356 2256 scuto
379 2198 534 2272 portantes
562 2197 702 2256 occisum.
736 2197 855 2272 agnovit
881 2197 964 2272 tcnpe
984 2198 1123 2270 pancras
1140 2212 1293 2272 praesaga

269 2285 344 2344 malt
360 2301 457 2344 meas:
488 2304 556 2345 cum
578 2285 751 2345 venientum
773 2287 919 2364 gemitum
945 2285 1092 2345 sollicitus
1120 2285 1293 2363 accepisset,

223 2391 252 2433 ao
270 2375 433 2450 autequam
455 2376 522 2435 nati
543 2375 633 2434 funus
657 2377 790 2434 cerneret
808 2375 904 2435 oculis
923 2374 1000 2450 suis,
1023 2375 1097 2451 quid
1118 2375 1194 2435 mali
1216 2374 1292 2435 acci-

270 2462 365 2523 disset
383 2461 514 2542 agnovit.
544 2462 701 2541 praevidet
719 2463 831 2541 quippe
850 2465 966 2524 animus
985 2463 1143 2541 praesagio
1161 2465 1243 2524 mala
1262 2467 1293 2523 et

270 2552 345 2629 quid
372 2553 508 2612 futurum
535 2555 576 2612 sit
601 2553 716 2612 infelici
743 2554 925 2631 cogitatione
953 2551 1119 2612 denuntiat
1156 2553 1292 2612 canitiem

270 2641 413 2701 manando
436 2643 581 2715 deformat
597 2643 734 2717 putrere:
764 2642 839 2702 bene
861 2643 965 2719 posuit
986 2640 1131 2700 inmundo
1154 2641 1292 2717 pulvere,

272 2732 318 2790 est
340 2731 419 2790 enim
444 2733 474 2790 et
495 2732 633 2793 mundus.
671 2736 697 2790 ct
719 2733 823 2792 umbus
846 2732 886 2791 ud
913 2729 1026 2790 euetccn
1048 2729 1139 2789 tendit
1155 2729 1354 2803 peccassetis

224 2822 420 2896 acquantum
443 2819 529 2880 dolor
549 2820 743 2880 inmemorem
770 2820 819 2880 sui
840 2820 1020 2880 Mezentium
1043 2819 1126 2878 fecit!
1163 2818 1293 2879 tetendit

272 2909 311 2968 ad
334 2909 450 2969 caelum
472 2910 589 2985 palmas
613 2910 667 2987 qui
685 2910 755 2969 deos
777 2927 894 2986 semper
917 2911 948 2969 et
969 2908 1080 2985 ubique
1103 2907 1292 2984 contempsit.

272 3002 298 3057 et
325 3015 443 3072 corpore
468 2999 614 3058 cohaeret:
642 3017 728 3058 verus
751 2998 881 3059 viventis
905 3001 951 3058 est
972 2998 1058 3058 dolor
1086 3015 1153 3057 cum
1180 2999 1292 3057 mortni

271 3087 362 3147 funus
386 3087 591 3163 amplectitur,
613 3089 738 3147 nonest
760 3088 826 3147 ulla
847 3087 880 3146 in
903 3088 1041 3163 amplexu
1059 3086 1173 3146 funems
1196 3086 1291 3146 delec-

270 3177 361 3251 tatio,
385 3175 436 3235 sed
455 3176 604 3253 quaedam
621 3175 770 3236 medicina
788 3177 967 3255 plangentis.
1000 3180 1121 3236 tantane
1137 3192 1183 3234 mc
1201 3177 1293 3235 tenuit

226 3283 253 3325 ro
271 3266 401 3335 risendi,
425 3269 505 3335 uate,
529 3265 677 3339 voluptas,
700 3269 733 3324 at
745 3283 804 3340 pro
825 3283 872 3325 me
892 3265 990 3325 hostili
1002 3268 1123 3339 paterer
1141 3264 1293 3324 succedere

272 3355 391 3414 destruc
414 3371 497 3427 quem
517 3355 626 3429 penui?
648 3358 738 3413 tuaac
759 3355 831 3415 leaeo
850 3355 964 3429 genitu
976 3371 1033 3427 per
1050 3354 1175 3414 calnae
1192 3371 1293 3414 serem

271 3447 362 3503 morte
384 3448 436 3502 tua
458 3444 580 3502 clocas?
611 3444 679 3514 tea,
710 3461 790 3503 aare
811 3445 917 3504 misero
938 3444 1012 3502 mitt
1034 3443 1150 3502 demam
1173 3444 1292 3502 criticen
1301 3452 1354 3503 850

273 3593 276 3597 ‚
345 3614 459 3684 lpalca
477 3614 526 3682 qai
538 3612 572 3669 V.
633 3613 780 3680 afuerunt
798 3613 842 3668 ed.
897 3613 1085 3682 aquiceccbat
1097 3611 1131 3668 V.
1153 3612 1156 3684 l
1177 3613 1245 3669 laeti
1257 3611 1291 3668 V.

272 3686 412 3741 odolores
425 3683 459 3740 V.
509 3686 694 3754 multosque
708 3684 751 3740 ed.
803 3689 837 3740 10
856 3683 1006 3742 ocacctV.
1047 3689 1087 3738 m
1101 3682 1315 3738 concedatad.

268 3762 304 3808 14
321 3763 350 3809 et
365 3772 417 3809 om.
434 3755 475 3809 ed.
533 3761 568 3811 16
588 3763 632 3814 act
651 3757 695 3814 ed.
722 3758 726 3834 l
752 3760 920 3817 exanimum
938 3757 988 3814 ed.
1042 3761 1083 3810 m
1102 3750 1217 3809 scatet
1244 3759 1332 3811 ww

256 3840 339 3877 amna
356 3825 398 3878 ed.
449 3831 493 3908 ⁴20
511 3831 666 3891 aceedtsset
679 3831 716 3891 V.
777 3840 818 3892 25
838 3833 1082 3908 quantam—‘tt
1098 3818 1278 3886 contempsit
1294 3824 1363 3863 Ψ·

246 3891 288 3942 ed.
365 3898 402 3946 28
420 3895 568 3958 decantet
584 3903 617 3960 V.
