3142 4375
579 518 589 576 5
684 490 867 546 naussum
886 491 925 545 xr
1247 496 1314 561 409

296 660 453 737 perhibent
476 664 506 720 et
529 660 591 719 alie
613 658 799 733 huiusmodi,
826 662 875 735 ut,
903 660 930 720 si
951 661 1030 721 falsa
1051 663 1171 737 reperta
1193 661 1314 738 tuerint

296 768 356 809 non
379 749 543 810 adserentis
566 748 750 827 professione
768 751 940 824 teneantur,
963 750 1014 809 sed
1033 749 1138 810 audita
1156 752 1315 827 narrantis,

295 840 352 899 hee
370 842 470 899 autem
488 841 567 912 loco,
586 857 654 897 oum
670 838 790 896 Aeneae
808 856 966 913 personam
983 838 1135 915 loquentis
1152 839 1315 916 induceret,

296 928 341 987 ait
363 930 440 1006 „qni
463 929 544 988 solas
562 928 656 986 honos
675 926 845 986 Acheronte
864 927 919 986 snb
937 926 998 987 imo
1017 926 1094 1003 est“,
1117 928 1198 1005 quod
1215 930 1316 1007 ipsum

265 1036 356 1076 cnon
389 1018 570 1091 dubitantis,
602 1014 654 1075 sed
687 1034 723 1073 ex
755 1016 859 1092 aperto
891 1015 1039 1077 firmantis
1071 1019 1125 1077 est.
1178 1019 1204 1077 si
1236 1018 1315 1078 enim

296 1108 374 1167 esset
401 1108 545 1180 incertus,
575 1103 672 1164 dicere
700 1103 804 1163 debuit
831 1103 884 1181 qui
911 1105 992 1165 solus
1019 1106 1113 1165 honos
1142 1125 1205 1166 csse
1233 1109 1315 1184 apud

295 1196 408 1256 inferos
436 1196 539 1254 fertur.
585 1194 641 1253 hoc
668 1192 766 1269 fieret,
794 1193 821 1253 si
848 1212 908 1253 non
936 1196 1014 1253 esset
1036 1195 1154 1254 Aeneae
1178 1215 1315 1273 persona,

297 1288 420 1345 etcum
443 1286 542 1359 ipsum
569 1281 686 1341 inducit
709 1284 761 1359 qui
783 1283 855 1342 haec
879 1282 960 1360 apud
986 1282 1099 1343 inferos
1122 1284 1263 1360 probavit
1285 1288 1316 1345 et

296 1373 386 1448 vidit,
416 1376 496 1432 reete
526 1372 684 1432 confirmet
706 1370 785 1431 exire
808 1376 943 1432 mortuos
967 1373 1159 1449 sepulturam.
1203 1376 1316 1452 quippe

252 1482 278 1521 ro
296 1464 327 1521 in
345 1465 429 1522 sexto
448 1461 524 1521 libro
544 1453 640 1542 (325)
660 1459 773 1520 dietum
797 1465 842 1521 e'st
865 1462 960 1537 „haec
983 1460 1087 1529 omnis¹
1104 1480 1196 1539 quam
1219 1463 1315 1523 cernis

295 1556 382 1627 inops
414 1552 630 1626 inhumataque
661 1549 749 1609 turba
780 1551 839 1625 est,
871 1549 1000 1625 portitor
1031 1551 1083 1611 ille
1115 1549 1247 1628 (theron,
1284 1552 1317 1611 hi

297 1659 370 1717 quos
399 1640 481 1700 vehit
508 1638 588 1699 unda
616 1638 735 1716 sepulti.
785 1658 839 1698 nee
866 1638 949 1716 ripas
978 1640 1067 1700 datur
1094 1640 1257 1700 horrendas
1286 1643 1316 1700 et

296 1748 387 1789 rauca
409 1729 522 1788 fluenta
544 1731 751 1806 transportare
773 1730 857 1805 prius
882 1747 973 1804 quam
996 1729 1116 1789 sedibus
1140 1747 1209 1790 ossa
1232 1731 1316 1806 quie·

295 1823 376 1878 runt.
413 1821 533 1878 eentum
555 1820 658 1877 errant
676 1835 770 1877 annos
789 1817 977 1895 volitantque
995 1818 1069 1878 haec
1086 1820 1178 1879 litora
1196 1820 1316 1894 circum,

252 1922 277 1962 rs
295 1910 362 1967 tum
376 1898 496 1967 demum
510 1906 633 1967 admissi
646 1909 755 1985 stagna
774 1909 918 1983 exoptata
930 1906 1096 1967 revisunt“.
1128 1908 1184 1967 hcc
1198 1910 1316 1967 Aeneas

296 1996 412 2073 Sibylla
435 1998 600 2075 exponente
618 1997 811 2075 cognoverat,
829 1996 904 2055 item
921 1995 1081 2056 Palinurus
1101 1988 1146 2078 (6,
1161 1990 1241 2079 363)
1259 1999 1317 2057 hoc

294 2084 429 2165 rogavit,
457 2087 505 2161 ut,
534 2087 605 2162 quia
632 2085 712 2144 inter
738 2084 907 2161 insepultos
937 2086 1069 2161 emebat,
1096 2088 1248 2163 repertum
1271 2105 1315 2147 se·

295 2176 434 2252 pulturae
452 2174 622 2236 mandaret:
640 2173 743 2252 „quod
762 2172 824 2250 te“,
840 2176 952 2253 inquit,
966 2195 1042 2252 „per
1060 2176 1136 2236 caeli
1154 2176 1317 2236 iucundum

295 2266 396 2325 lumen
426 2267 457 2324 et
484 2284 586 2339 auras,
615 2284 669 2341 per
696 2263 862 2342 genitorem
889 2284 955 2340 oro,
985 2284 1038 2342 per
1068 2284 1135 2342 spes
1165 2267 1315 2344 surgentis

251 2369 277 2409 so
295 2355 363 2430 Iuli,
378 2355 459 2430 cripe
477 2373 524 2413 me
542 2355 599 2429 his,
615 2355 737 2428 invicte,
750 2354 839 2413 malis
859 2356 912 2413 aut
930 2356 964 2413 tu
982 2354 1058 2413 mihi
1075 2357 1188 2414 terram
1205 2354 1315 2415 inice“.

295 2462 361 2503 ecce
384 2443 465 2503 dieta
488 2445 534 2502 est
560 2460 650 2502 causa
677 2444 915 2519 propterquam
942 2442 1018 2502 dixit
1040 2445 1093 2520 qui
1116 2446 1197 2504 solus
1220 2445 1315 2504 honos

295 2533 463 2592 Acheronte
486 2532 541 2592 sub
564 2533 624 2590 imo
653 2533 706 2591 est.
751 2532 803 2603 ele,
834 2533 888 2601 ait,
920 2533 1050 2607 eyrepe‘as
1078 2533 1209 2602 eruimus,
1240 2550 1316 2605 quoe

294 2623 439 2696 suupue'ue
452 2622 536 2681 uobis
550 2621 769 2694 laureacum
779 2637 920 2693 peperere
938 2639 1000 2690 sue,
1020 2621 1150 2680 decorate
1169 2622 1315 2694 supremis
1335 2623 1369 2672 25

293 2712 479 2770 muneribus:
509 2711 709 2769 consultorem
738 2709 831 2769 talem
861 2729 952 2786 quam
981 2709 1109 2768 libenter
1140 2728 1158 2768 a
1188 2711 1313 2769 circum·

249 2814 276 2855 ss
294 2799 445 2860 stantibus
469 2801 611 2876 putamus
636 2797 786 2874 auditum,
815 2818 883 2857 cum
906 2800 949 2858 sic
971 2798 1140 2857 nominaret
1163 2817 1213 2858 eos
1237 2817 1314 2875 quos

294 2889 367 2947 belli
384 2892 535 2948 certamen
554 2888 774 2964 absumpserat!
812 2889 865 2963 qui
883 2887 1019 2963 proprio,
1038 2887 1151 2964 inquit,
1169 2887 1315 2966 sanguine

294 2979 423 3055 gloriam
446 2977 531 3036 nobis
556 2979 587 3034 et
608 2976 781 3036 libertatem
803 2979 984 3052 pepererunt
1007 2994 1176 3052 supremam
1201 2995 1314 3035 meren·

294 3070 345 3126 tur
367 3065 626 3126 honorificentiam
649 3067 705 3125 hoc
729 3068 775 3124 est
799 3065 993 3141 exequiarum
1016 3084 1159 3142 pompam
1182 3068 1212 3125 et
1230 3066 1315 3125 fune-

293 3175 361 3214 rum
380 3156 576 3232 sepulturam.
608 3156 682 3214 haec
701 3153 825 3213 dicendo
846 3154 1021 3213 audientum
1035 3155 1150 3214 animos
1166 3155 1314 3232 erigebat3

250 3260 276 3300 so
295 3245 321 3304 si
348 3245 427 3304 enim
453 3246 501 3303 illi
528 3245 591 3303 iam
617 3246 797 3319 pepererant
823 3244 954 3319 patriam
982 3243 1034 3320 qui
1061 3245 1225 3320 perierant,
1253 3243 1316 3304 vivi

294 3336 454 3394 securitate
487 3335 576 3410 parta
607 3332 681 3392 laeti
713 3351 775 3392 esse
809 3331 981 3391 debuerant.
1036 3335 1191 3408 praeterea
1223 3352 1314 3392 unus·

295 3425 420 3501 quisque
451 3442 482 3483 se
514 3426 568 3482 aut
598 3440 737 3481 casurum
766 3421 926 3480 inminenti
954 3421 1034 3481 bello
1068 3424 1121 3482 aut
1152 3424 1314 3498 praeterito

366 3599 382 3646 8
406 3598 455 3648 aut
477 3609 538 3648 oum
556 3591 583 3645 V
602 3609 670 3646 corr.
690 3592 733 3646 ed.
813 3595 828 3643 9
851 3590 1060 3660 sepulturaucV
1078 3609 1092 3645 e
1109 3592 1253 3660 sepultura
1270 3591 1314 3645 ed.

295 3671 328 3718 12
349 3665 397 3719 scd
417 3671 516 3719 trunco
530 3663 556 3717 V
575 3668 600 3717 et
619 3679 706 3718 rauca
729 3678 866 3731 superscr.
885 3679 958 3717 man.
978 3680 1033 3717 rec.
1106 3667 1139 3715 15
1163 3669 1242 3729 tuuc,
1265 3663 1316 3718 sed

293 3736 324 3789 in
338 3735 376 3788 VI
395 3741 453 3790 tum
466 3735 500 3789 V.
574 3739 607 3788 17
626 3735 743 3803 sepultos
758 3733 784 3787 V
803 3750 872 3788 corr.
892 3733 935 3787 ed.
1011 3738 1043 3786 19
1062 3732 1160 3802 epesV
1178 3750 1253 3802 spem
1271 3733 1315 3788 ed.

294 3808 325 3860 in
339 3805 377 3860 VI
391 3823 443 3876 per
460 3822 520 3876 spes
538 3808 674 3876 succutis
692 3806 751 3860 Iuli
770 3805 857 3860 deest.
920 3809 953 3858 29
972 3805 1149 3860 audieatiuca
1166 3805 1216 3857 ed.
1229 3805 1249 3872 χ
1261 3805 1328 3856 1113-
1372 3778 1388 3879 i

293 3894 353 3932 mas
367 3876 392 3930 V
411 3894 480 3932 corr.
501 3876 544 3931 ed.
619 3882 652 3931 32
671 3875 840 3934 casurumV
861 3894 1017 3935 causarum
1035 3875 1113 3932 eus.
