3142 4375
681 476 865 531 assumes
883 476 923 530 xr
1129 485 1132 493 ·
1245 481 1311 546 433

292 648 441 707 causant
463 647 527 706 eius
550 647 656 705 moitis
685 648 838 704 auctorem
860 648 1057 723 persequatur
1079 646 1166 706 fortis
1190 646 1311 707 dextera

291 739 353 795 tua.
390 735 540 813 intellegis
565 738 644 794 enirn
668 734 773 794 debere
791 737 822 793 te
839 735 896 795 hoc
914 736 1042 811 meritis,
1064 739 1100 794 ut
1117 756 1171 813 per
1188 738 1219 795 te
1243 755 1310 797 con·

291 825 393 903 tingat
415 823 550 883 Turnum
572 824 672 884 videre
695 826 890 900 prostratum.
925 825 982 884 hoc
1004 824 1106 885 Pallas
1125 825 1232 902 exigit,
1254 826 1311 886 hoc

292 933 347 992 ego
365 912 587 972 infelicissimus
601 915 695 990 pater.
724 913 782 973 erit
795 913 982 973 commodum
995 913 1104 973 vixisse
1117 918 1187 991 post
1204 914 1310 989 filium,

261 1004 318 1062 ssi
340 1002 394 1063 sub
418 1004 509 1063 armis
532 1001 593 1062 tuis
616 1002 734 1062 Turnus
758 1002 915 1062 occumbat
942 1006 972 1061 et
994 1003 1134 1063 lacrimas
1158 1023 1240 1064 meas
1265 1006 1310 1063 in·

290 1092 398 1152 teritus
418 1094 480 1151 eius
500 1094 656 1151 consumat
673 1094 704 1151 et
721 1093 830 1169 tergat
866 1096 953 1151 vocat
974 1092 1020 1150 bio
1042 1094 1094 1151 tibi
1116 1094 1196 1151 solus
1217 1095 1310 1167 forta·
1321 1105 1372 1155 180

289 1198 401 1254 caepae
425 1181 518 1240 brus:
547 1179 714 1240 reddendae
737 1179 954 1241 vicissitudinis
977 1181 1076 1239 locum
1098 1182 1197 1240 solum
1217 1184 1310 1242 istum

289 1270 347 1330 tibi
364 1289 493 1331 vacuum
515 1270 638 1329 fortuna
660 1270 805 1339 servavit:
828 1271 951 1346 expecto
975 1271 1115 1331 eventum
1137 1274 1228 1346 atque
1251 1274 1309 1330 exi·

289 1362 356 1419 tum
378 1358 458 1419 neeis
480 1358 608 1418 hostilis.
644 1377 704 1419 oca
725 1360 804 1419 oilae
823 1360 938 1433 paedia
961 1376 1069 1433 quaem
1091 1376 1144 1418 nec
1164 1360 1228 1432 sos,
1259 1361 1310 1419 scd

245 1470 271 1509 ιο
287 1452 376 1522 paeto
403 1449 502 1507 mareis
524 1448 658 1524 perferre
685 1449 739 1508 sub
761 1450 851 1507 imos:
879 1467 975 1526 neque
1006 1450 1086 1507 enim
1113 1449 1309 1508 delectatione

289 1536 365 1595 lucis
388 1536 475 1597 istius
499 1536 568 1597 vivo
596 1540 651 1596 aut
672 1539 718 1597 fas
747 1540 794 1597 est
821 1556 973 1613 superesse
1003 1538 1141 1597 orbatum
1168 1538 1225 1597 tali
1247 1538 1308 1598 filio

289 1629 419 1702 patrem,
442 1625 494 1684 sed
512 1629 548 1685 nt
565 1627 688 1687 nuntius
708 1626 746 1686 ed
764 1628 876 1687 inferos
890 1646 1015 1705 pergam
1034 1646 1069 1686 ac
1082 1626 1217 1686 Pallanti
1234 1628 1309 1686 refe·

288 1733 354 1772 ram
381 1717 519 1790 optatam
546 1716 584 1775 ab
611 1718 697 1776 hoste
725 1719 879 1792 sumptam
905 1734 968 1775 esse
993 1716 1168 1776 vindictam.
1204 1717 1310 1776 vivant

289 1802 398 1879 quibus
416 1804 582 1864 iucundum
600 1807 646 1864 est
663 1806 777 1881 vivere,
796 1806 902 1866 vivant
920 1806 973 1881 qui
990 1824 1051 1864 non
1068 1803 1182 1865 habent
1198 1803 1231 1863 in
1245 1806 1309 1864 vita

245 1913 270 1953 rs
289 1892 370 1968 quod
382 1893 543 1971 plangent,
560 1896 667 1955 vivant
683 1893 791 1971 quibus
809 1894 918 1954 desunt
940 1896 1091 1955 tormenta
1113 1913 1190 1971 quae
1208 1895 1309 1954 viven-

287 1983 328 2041 tis
351 1984 528 2043 excrucient.
559 1984 635 2043 mihi
652 1986 772 2043 tantum
795 1986 900 2060 optata
923 1985 1098 2058 succedunt,
1120 1986 1156 2043 ut
1177 1982 1240 2042 filio
1263 2002 1308 2043 re·¹

288 2072 383 2131 feram
392 2072 561 2133 confossum
570 2073 682 2134 virtute
691 2072 820 2150 hospitis
830 2074 973 2133 Turnum.
996 2074 1143 2152 eguillius
1153 2074 1309 2132 interitum

288 2162 316 2220 ei
334 2162 469 2222 nuntiem
489 2162 573 2222 cuius
592 2181 683 2223 cansa
700 2162 777 2221 mori
790 2164 891 2239 potius
905 2163 986 2224 malo
1001 2182 1093 2241 quam
1105 2162 1307 2223 miserabilem

286 2252 382 2310 vitam
403 2253 523 2330 iugibus
542 2269 660 2312 servare
679 2251 845 2313 tormentis.
877 2252 959 2330 quod
976 2253 1053 2312 dixit
1074 2271 1165 2329 supra
1182 2254 1308 2327 meritis,

243 2358 269 2397 so
287 2344 377 2400 vacat
402 2342 452 2400 hic
478 2340 535 2399 tibi
562 2342 643 2401 solus
667 2341 865 2417 fortunaeque
887 2343 984 2416 locus,
1012 2361 1073 2400 non
1100 2342 1138 2401 ab
1167 2361 1202 2401 eo
1227 2342 1308 2419 quod

287 2431 333 2487 eet
354 2431 495 2488 meritum
519 2431 550 2489 et
571 2430 679 2490 merita
698 2430 874 2505 declinavit,
897 2431 949 2491 sed
970 2431 1009 2490 ad
1027 2449 1170 2508 personas
1187 2432 1308 2491 rettulit

287 2517 324 2576 ab
353 2536 387 2577 eo
411 2518 492 2594 quod
519 2521 565 2578 est
591 2520 640 2578 hic
666 2519 806 2595 meritus,
835 2521 872 2578 ut
897 2519 1036 2579 feminini
1063 2520 1179 2598 generis
1207 2522 1248 2579 sit
1277 2522 1308 2579 et

286 2605 380 2665 faciat
406 2608 461 2667 has
487 2609 610 2668 meritas
638 2626 780 2685 perennes
812 2608 1051 2691 aut-masculini
1073 2608 1190 2686 generis
1214 2611 1244 2669 et
1266 2610 1307 2668 sit

285 2696 332 2754 his
355 2695 470 2756 meritis
493 2697 676 2773 hominibus,
699 2717 759 2757 non
777 2699 880 2756 tamen
901 2699 1018 2775 generis
1041 2697 1154 2773 neutn',
1177 2700 1213 2756 ut
1232 2698 1306 2757 haec

241 2802 268 2842 ss
285 2785 395 2843 merita
422 2786 521 2846 ethis
548 2787 663 2847 meritis
687 2786 800 2846 dixisse
826 2786 972 2847 videatur.
1018 2786 1174 2847 Terentius
1199 2779 1305 2866 (Andr.

287 2875 316 2948 3,
340 2875 369 2949 5,
395 2867 450 2956 15)
475 2876 531 2935 sie:
556 2876 652 2952 „quid
673 2874 842 2935 meritus?“
865 2876 936 2936 huic
959 2875 1039 2935 dicto
1062 2894 1237 2951 responsum
1260 2879 1306 2936 est

285 2961 457 3039 ,‚oruoem“.

355 3052 479 3113 Aurora
491 3054 603 3113 intereo
615 3054 732 3113 miserta
744 3053 919 3113 mortalibus
935 3054 1045 3113 almam
1059 3054 1201 3113 meulent
1214 3054 1305 3113 locem

283 3144 414 3214 referens
437 3160 527 3217 opera
550 3146 635 3216 atque
658 3143 786 3203 labores:
807 3142 911 3202 multis
929 3142 1003 3202 locis
1021 3145 1111 3220 poeta
1129 3143 1304 3203 lucescentis

240 3249 266 3288 eo
285 3231 348 3290 dies
370 3231 519 3307 describit,
533 3232 569 3290 de
582 3231 719 3292 noctibus
733 3233 815 3291 tacet
828 3232 984 3292 consulens
997 3231 1140 3292 brevitati
1155 3231 1304 3307 dictionis,

356 3442 451 3492 ierat
469 3437 513 3492 ed.
582 3442 598 3490 8
616 3454 734 3493 vacuum
753 3454 807 3491 om.
823 3437 866 3492 ed.
932 3443 965 3492 13
983 3439 1057 3492 toste
1070 3437 1096 3491 V
1115 3440 1150 3492 ab
1168 3439 1241 3493 hoste
1259 3439 1303 3493 ed.

285 3512 318 3560 19
342 3507 389 3561 hic
412 3507 483 3562 Dou,
506 3510 610 3564 meritis
633 3525 697 3562 oum
720 3508 903 3577 sequentibus
924 3508 1093 3578 coniungere
1110 3509 1235 3577 videtur,
1255 3510 1304 3564 sed

283 3577 396 3633 videtur
413 3579 610 3634 tantummodo
628 3579 720 3635 verbis
739 3586 822 3634 cacat
844 3582 896 3634 etc.
920 3580 951 3634 in
970 3596 1082 3634 cassum
1100 3580 1219 3647 additis,
1238 3598 1304 3634 uam

283 3650 399 3720 interpr.
418 3651 483 3720 ipsa
506 3667 571 3706 eum
592 3653 626 3704 ut
648 3667 734 3720 supra
753 3652 857 3707 mritis
875 3651 914 3705 ad
931 3659 1070 3723 pactoque
1085 3655 1222 3720 patetque
1234 3664 1323 3700 mo-

284 3738 362 3776 casee
383 3721 471 3778 docet.
536 3727 571 3778 20
587 3723 673 3780 tadeo
688 3722 714 3780 V
732 3723 768 3780 ab
788 3741 819 3781 co
839 3723 885 3780 ed.
950 3730 990 3780 Ὦ
1009 3723 1088 3794 qaod
1105 3727 1148 3776 eet
1159 3722 1214 3773 leis
1231 3713 1347 3768 mariti-s

280 3791 305 3842 V
319 3793 360 3844 ed.
434 3799 471 3848 26
493 3796 601 3852 meritas
621 3795 647 3853 V
668 3799 790 3856 meritus
808 3798 875 3855 edb'
900 3796 1073 3854 secundum
1089 3786 1241 3847 neeesse
1253 3782 1372 3832 imm

260 3876 317 3912 nec
335 3863 538 3930 explicationis
556 3867 749 3930 Donatianae
771 3873 847 3932 ordo
869 3871 961 3930 alind
975 3869 1115 3942 patitur.
1379 3866 1381 3871 '

303 3966 365 4010 Don.
375 3970 476 4022 interpr.
486 3975 557 4030 Verg.
573 3981 625 4026 vol.
634 3982 671 4028 11.
1182 3967 1228 4019 w
