<?xml version="1.0" encoding="UTF-8"?>
<!DOCTYPE html PUBLIC "-//W3C//DTD XHTML 1.0 Transitional//EN"
    "http://www.w3.org/TR/xhtml1/DTD/xhtml1-transitional.dtd">
<html xmlns="http://www.w3.org/1999/xhtml" xml:lang="en" lang="en">
 <head>
  <title>
</title>
<meta http-equiv="Content-Type" content="text/html;charset=utf-8" />
  <meta name='ocr-system' content='tesseract 3.04.00' />
  <meta name='ocr-capabilities' content='ocr_page ocr_carea ocr_par ocr_line ocrx_word'/>
</head>
<body>
  <div class='ocr_page' id='page_1' title='image "./tibericlaudidon00unkngoog_0556.png"; bbox 0 0 3142 4375; ppageno 0'>
   <div class='ocr_carea' id='block_1_1' title="bbox 543 1211 1017 1280">
    <p class='ocr_par' dir='ltr' id='par_1_1' title="bbox 543 1211 1017 1280">
     <span class='ocr_line' id='line_1_1' title="bbox 543 1211 1017 1280; baseline 0.002 -2"><span class='ocrx_word' id='word_1_1' title='bbox 543 1212 767 1280; x_wconf 80' lang='lat' dir='ltr'>AENEIDOS</span> <span class='ocrx_word' id='word_1_2' title='bbox 790 1211 924 1279; x_wconf 81' lang='lat' dir='ltr'>LIBER</span> <span class='ocrx_word' id='word_1_3' title='bbox 945 1212 1017 1279; x_wconf 87' lang='grc' dir='ltr'><strong>ΧΠ.</strong></span> 
     </span>
    </p>
   </div>
   <div class='ocr_carea' id='block_1_2' title="bbox 223 1362 1293 2956">
    <p class='ocr_par' dir='ltr' id='par_1_2' title="bbox 268 1362 1290 1709">
     <span class='ocr_line' id='line_1_2' title="bbox 342 1362 1289 1436; baseline 0.001 -16"><span class='ocrx_word' id='word_1_4' title='bbox 342 1364 463 1420; x_wconf 78' lang='lat' dir='ltr'><strong>Turnus</strong></span> <span class='ocrx_word' id='word_1_5' title='bbox 489 1364 523 1420; x_wconf 83' lang='lat' dir='ltr'><strong>ut</strong></span> <span class='ocrx_word' id='word_1_6' title='bbox 548 1362 692 1435; x_wconf 76' lang='lat' dir='ltr'><strong><em>infractos</em></strong></span> <span class='ocrx_word' id='word_1_7' title='bbox 721 1362 844 1421; x_wconf 66' lang='lat' dir='ltr'><strong>adesso</strong></span> <span class='ocrx_word' id='word_1_8' title='bbox 870 1363 972 1422; x_wconf 83' lang='lat' dir='ltr'><strong>Morte</strong></span> <span class='ocrx_word' id='word_1_9' title='bbox 998 1363 1125 1422; x_wconf 75' lang='lat' dir='ltr'><strong>Latinos</strong></span> <span class='ocrx_word' id='word_1_10' title='bbox 1151 1362 1289 1436; x_wconf 74' lang='lat' dir='ltr'><strong><em>defecisse</em></strong></span> 
     </span>
     <span class='ocr_line' id='line_1_3' title="bbox 268 1450 1289 1528; baseline 0.002 -19"><span class='ocrx_word' id='word_1_11' title='bbox 268 1451 360 1509; x_wconf 78' lang='lat' dir='ltr'><strong>eiciet:</strong></span> <span class='ocrx_word' id='word_1_12' title='bbox 390 1469 478 1527; x_wconf 84' lang='lat' dir='ltr'><strong>saepe</strong></span> <span class='ocrx_word' id='word_1_13' title='bbox 507 1450 636 1511; x_wconf 80' lang='lat' dir='ltr'>diximus</span> <span class='ocrx_word' id='word_1_14' title='bbox 662 1450 808 1510; x_wconf 89' lang='lat' dir='ltr'><strong>librorum</strong></span> <span class='ocrx_word' id='word_1_15' title='bbox 835 1451 936 1528; x_wconf 82' lang='lat' dir='ltr'><strong>capita</strong></span> <span class='ocrx_word' id='word_1_16' title='bbox 958 1470 977 1511; x_wconf 81' lang='lat' dir='ltr'><strong>e</strong></span> <span class='ocrx_word' id='word_1_17' title='bbox 1000 1452 1159 1511; x_wconf 80' lang='lat' dir='ltr'><strong>continuae</strong></span> <span class='ocrx_word' id='word_1_18' title='bbox 1187 1470 1289 1511; x_wconf 80' lang='lat' dir='ltr'><strong>narre-</strong></span> 
     </span>
     <span class='ocr_line' id='line_1_4' title="bbox 268 1539 1288 1617; baseline 0.001 -18"><span class='ocrx_word' id='word_1_19' title='bbox 268 1541 361 1599; x_wconf 89' lang='lat' dir='ltr'><strong>tionie</strong></span> <span class='ocrx_word' id='word_1_20' title='bbox 383 1542 470 1599; x_wconf 81' lang='lat' dir='ltr'><strong>textu</strong></span> <span class='ocrx_word' id='word_1_21' title='bbox 491 1559 552 1599; x_wconf 89' lang='lat' dir='ltr'><strong>uon</strong></span> <span class='ocrx_word' id='word_1_22' title='bbox 575 1558 639 1600; x_wconf 88' lang='lat' dir='ltr'><strong>esse</strong></span> <span class='ocrx_word' id='word_1_23' title='bbox 658 1539 800 1616; x_wconf 80' lang='lat' dir='ltr'><strong>discrete,</strong></span> <span class='ocrx_word' id='word_1_24' title='bbox 822 1540 874 1600; x_wconf 88' lang='lat' dir='ltr'><strong>ssd</strong></span> <span class='ocrx_word' id='word_1_25' title='bbox 891 1540 1000 1599; x_wconf 81' lang='lat' dir='ltr'><strong>habere</strong></span> <span class='ocrx_word' id='word_1_26' title='bbox 1017 1540 1179 1600; x_wconf 74' lang='lat' dir='ltr'><strong>transitum</strong></span> <span class='ocrx_word' id='word_1_27' title='bbox 1198 1560 1288 1617; x_wconf 87' lang='lat' dir='ltr'><strong>quen·</strong></span> 
     </span>
     <span class='ocr_line' id='line_1_5' title="bbox 270 1628 1290 1709; baseline 0.005 -24"><span class='ocrx_word' id='word_1_28' title='bbox 270 1628 351 1709; x_wconf 83' lang='lat' dir='ltr'><strong>dem,</strong></span> <span class='ocrx_word' id='word_1_29' title='bbox 371 1649 461 1705; x_wconf 91' lang='lat' dir='ltr'><strong>quem</strong></span> <span class='ocrx_word' id='word_1_30' title='bbox 477 1628 590 1690; x_wconf 82' lang='lat' dir='ltr'><strong>habent</strong></span> <span class='ocrx_word' id='word_1_31' title='bbox 605 1628 749 1689; x_wconf 80' lang='lat' dir='ltr'><strong>dictiones</strong></span> <span class='ocrx_word' id='word_1_32' title='bbox 768 1631 861 1689; x_wconf 81' lang='lat' dir='ltr'><strong>etiam</strong></span> <span class='ocrx_word' id='word_1_33' title='bbox 878 1630 911 1688; x_wconf 88' lang='lat' dir='ltr'><strong>in</strong></span> <span class='ocrx_word' id='word_1_34' title='bbox 928 1629 1036 1690; x_wconf 89' lang='lat' dir='ltr'><strong>medio.</strong></span> <span class='ocrx_word' id='word_1_35' title='bbox 1067 1629 1177 1689; x_wconf 88' lang='lat' dir='ltr'><strong>finibus</strong></span> <span class='ocrx_word' id='word_1_36' title='bbox 1195 1630 1290 1709; x_wconf 78' lang='lat' dir='ltr'><strong>igitur</strong></span> 
     </span>
    </p>

    <p class='ocr_par' dir='ltr' id='par_1_3' title="bbox 234 1717 1292 2154">
     <span class='ocr_line' id='line_1_6' title="bbox 234 1717 1290 1796; baseline -0.001 -17"><span class='ocrx_word' id='word_1_37' title='bbox 234 1738 248 1779; x_wconf 83' lang='lat'><strong>5</strong></span> <span class='ocrx_word' id='word_1_38' title='bbox 268 1717 419 1778; x_wconf 80' lang='lat' dir='ltr'><strong>undecimi</strong></span> <span class='ocrx_word' id='word_1_39' title='bbox 434 1718 513 1793; x_wconf 87' lang='lat' dir='ltr'><strong>libri,</strong></span> <span class='ocrx_word' id='word_1_40' title='bbox 532 1720 584 1796; x_wconf 89' lang='lat' dir='ltr'><strong>qui</strong></span> <span class='ocrx_word' id='word_1_41' title='bbox 596 1718 780 1779; x_wconf 83' lang='lat' dir='ltr'><strong>Rutulorum</strong></span> <span class='ocrx_word' id='word_1_42' title='bbox 798 1718 968 1779; x_wconf 77' lang='lat' dir='ltr'><strong>certaminis</strong></span> <span class='ocrx_word' id='word_1_43' title='bbox 985 1719 1111 1779; x_wconf 80' lang='lat' dir='ltr'><strong>adverse</strong></span> <span class='ocrx_word' id='word_1_44' title='bbox 1128 1719 1290 1795; x_wconf 82' lang='lat' dir='ltr'><strong>continent,</strong></span> 
     </span>
     <span class='ocr_line' id='line_1_7' title="bbox 269 1807 1291 1885; baseline 0.002 -19"><span class='ocrx_word' id='word_1_45' title='bbox 269 1809 362 1884; x_wconf 85' lang='lat' dir='ltr'><strong>caput</strong></span> <span class='ocrx_word' id='word_1_46' title='bbox 394 1807 563 1867; x_wconf 88' lang='lat' dir='ltr'><strong>duodecimi</strong></span> <span class='ocrx_word' id='word_1_47' title='bbox 589 1808 757 1885; x_wconf 87' lang='lat' dir='ltr'><strong>respondet.</strong></span> <span class='ocrx_word' id='word_1_48' title='bbox 807 1808 932 1885; x_wconf 90' lang='lat' dir='ltr'><strong>proinde</strong></span> <span class='ocrx_word' id='word_1_49' title='bbox 958 1807 1082 1868; x_wconf 70' lang='lat' dir='ltr'><strong>Irctinos</strong></span> <span class='ocrx_word' id='word_1_50' title='bbox 1111 1827 1186 1884; x_wconf 88' lang='lat' dir='ltr'><strong>quos</strong></span> <span class='ocrx_word' id='word_1_51' title='bbox 1214 1808 1291 1868; x_wconf 82' lang='lat' dir='ltr'><strong>dixit</strong></span> 
     </span>
     <span class='ocr_line' id='line_1_8' title="bbox 268 1896 1291 1976; baseline 0.001 -22"><span class='ocrx_word' id='word_1_52' title='bbox 268 1915 329 1955; x_wconf 91' lang='lat' dir='ltr'><strong>non</strong></span> <span class='ocrx_word' id='word_1_53' title='bbox 353 1897 431 1972; x_wconf 78' lang='lat' dir='ltr'><strong>solos</strong></span> <span class='ocrx_word' id='word_1_54' title='bbox 455 1896 594 1957; x_wconf 88' lang='lat' dir='ltr'><strong>debemus</strong></span> <span class='ocrx_word' id='word_1_55' title='bbox 618 1898 753 1974; x_wconf 81' lang='lat' dir='ltr'><strong>accipere</strong></span> <span class='ocrx_word' id='word_1_56' title='bbox 777 1896 831 1974; x_wconf 93' lang='lat' dir='ltr'><strong>qui</strong></span> <span class='ocrx_word' id='word_1_57' title='bbox 853 1897 908 1958; x_wconf 89' lang='lat' dir='ltr'><strong>sub</strong></span> <span class='ocrx_word' id='word_1_58' title='bbox 931 1896 1040 1957; x_wconf 70' lang='lat' dir='ltr'><strong>Iratino</strong></span> <span class='ocrx_word' id='word_1_59' title='bbox 1064 1896 1206 1976; x_wconf 80' lang='lat' dir='ltr'><strong>agebant,</strong></span> <span class='ocrx_word' id='word_1_60' title='bbox 1238 1897 1291 1957; x_wconf 89' lang='lat' dir='ltr'><strong>sed</strong></span> 
     </span>
     <span class='ocr_line' id='line_1_9' title="bbox 269 1984 1291 2064; baseline 0.002 -20"><span class='ocrx_word' id='word_1_61' title='bbox 269 2004 319 2045; x_wconf 90' lang='lat' dir='ltr'><strong>eos</strong></span> <span class='ocrx_word' id='word_1_62' title='bbox 339 2005 457 2063; x_wconf 90' lang='lat' dir='ltr'><strong>quoque</strong></span> <span class='ocrx_word' id='word_1_63' title='bbox 476 1984 530 2063; x_wconf 90' lang='lat' dir='ltr'><strong>qui</strong></span> <span class='ocrx_word' id='word_1_64' title='bbox 547 1986 672 2045; x_wconf 88' lang='lat' dir='ltr'><strong>fuerunt</strong></span> <span class='ocrx_word' id='word_1_65' title='bbox 688 1986 720 2046; x_wconf 91' lang='lat' dir='ltr'><strong>in</strong></span> <span class='ocrx_word' id='word_1_66' title='bbox 738 1986 875 2063; x_wconf 82' lang='lat' dir='ltr'><strong>pertibus</strong></span> <span class='ocrx_word' id='word_1_67' title='bbox 894 1987 1002 2064; x_wconf 79' lang='lat' dir='ltr'><strong>Turni3</strong></span> <span class='ocrx_word' id='word_1_68' title='bbox 1025 2006 1095 2047; x_wconf 80' lang='lat' dir='ltr'><strong>nem</strong></span> <span class='ocrx_word' id='word_1_69' title='bbox 1116 1985 1159 2047; x_wconf 89' lang='lat' dir='ltr'><strong>sic</strong></span> <span class='ocrx_word' id='word_1_70' title='bbox 1177 1986 1291 2046; x_wconf 89' lang='lat' dir='ltr'><strong>dictum</strong></span> 
     </span>
     <span class='ocr_line' id='line_1_10' title="bbox 269 2074 1292 2154; baseline 0.001 -20"><span class='ocrx_word' id='word_1_71' title='bbox 269 2079 315 2135; x_wconf 90' lang='lat' dir='ltr'><strong>est</strong></span> <span class='ocrx_word' id='word_1_72' title='bbox 339 2074 484 2135; x_wconf 76' lang='lat' dir='ltr'><strong>Camillae</strong></span> <span class='ocrx_word' id='word_1_73' title='bbox 507 2078 604 2135; x_wconf 91' lang='lat' dir='ltr'><strong>morte</strong></span> <span class='ocrx_word' id='word_1_74' title='bbox 627 2077 724 2136; x_wconf 92' lang='lat' dir='ltr'><strong>omnis</strong></span> <span class='ocrx_word' id='word_1_75' title='bbox 747 2094 811 2135; x_wconf 87' lang='lat' dir='ltr'><strong>csse</strong></span> <span class='ocrx_word' id='word_1_76' title='bbox 833 2075 986 2151; x_wconf 78' lang='lat' dir='ltr'><strong>turbatos,</strong></span> <span class='ocrx_word' id='word_1_77' title='bbox 1008 2078 1045 2135; x_wconf 87' lang='lat' dir='ltr'><strong>ut</strong></span> <span class='ocrx_word' id='word_1_78' title='bbox 1066 2077 1164 2154; x_wconf 86' lang='lat' dir='ltr'><strong>primo</strong></span> <span class='ocrx_word' id='word_1_79' title='bbox 1187 2076 1292 2137; x_wconf 86' lang='lat' dir='ltr'><strong>Volsci</strong></span> 
     </span>
    </p>

    <p class='ocr_par' dir='ltr' id='par_1_4' title="bbox 223 2164 1293 2956">
     <span class='ocr_line' id='line_1_11' title="bbox 223 2164 1292 2244; baseline 0 -18"><span class='ocrx_word' id='word_1_80' title='bbox 223 2185 249 2227; x_wconf 87' lang='grc' dir='ltr'><strong>ιο</strong></span> <span class='ocrx_word' id='word_1_81' title='bbox 268 2166 301 2224; x_wconf 87' lang='lat' dir='ltr'><strong>in</strong></span> <span class='ocrx_word' id='word_1_82' title='bbox 325 2164 430 2244; x_wconf 81' lang='lat' dir='ltr'><strong>fugem</strong></span> <span class='ocrx_word' id='word_1_83' title='bbox 452 2166 532 2226; x_wconf 83' lang='lat' dir='ltr'><strong>versi</strong></span> <span class='ocrx_word' id='word_1_84' title='bbox 550 2165 735 2226; x_wconf 86' lang='lat' dir='ltr'><strong>viderentur:</strong></span> <span class='ocrx_word' id='word_1_85' title='bbox 759 2183 825 2226; x_wconf 91' lang='lat' dir='ltr'><strong>ecce</strong></span> <span class='ocrx_word' id='word_1_86' title='bbox 847 2165 936 2226; x_wconf 87' lang='lat' dir='ltr'><strong>mixti</strong></span> <span class='ocrx_word' id='word_1_87' title='bbox 953 2166 1087 2242; x_wconf 83' lang='lat' dir='ltr'><strong>fuerent,</strong></span> <span class='ocrx_word' id='word_1_88' title='bbox 1110 2184 1170 2225; x_wconf 87' lang='lat' dir='ltr'><strong>non</strong></span> <span class='ocrx_word' id='word_1_89' title='bbox 1188 2164 1292 2226; x_wconf 69' lang='lat' dir='ltr'><strong>Iretini</strong></span> 
     </span>
     <span class='ocr_line' id='line_1_12' title="bbox 270 2254 1290 2334; baseline 0.001 -21"><span class='ocrx_word' id='word_1_90' title='bbox 270 2255 340 2330; x_wconf 89' lang='lat' dir='ltr'><strong>soli,</strong></span> <span class='ocrx_word' id='word_1_91' title='bbox 368 2254 419 2314; x_wconf 92' lang='lat' dir='ltr'><strong>sed</strong></span> <span class='ocrx_word' id='word_1_92' title='bbox 443 2256 536 2314; x_wconf 85' lang='lat' dir='ltr'><strong>etiem</strong></span> <span class='ocrx_word' id='word_1_93' title='bbox 559 2254 613 2314; x_wconf 81' lang='lat' dir='ltr'><strong>elii</strong></span> <span class='ocrx_word' id='word_1_94' title='bbox 636 2256 811 2334; x_wconf 80' lang='lat' dir='ltr'><strong>congregati</strong></span> <span class='ocrx_word' id='word_1_95' title='bbox 833 2275 869 2314; x_wconf 85' lang='lat' dir='ltr'><strong>ex</strong></span> <span class='ocrx_word' id='word_1_96' title='bbox 890 2256 1029 2333; x_wconf 89' lang='lat' dir='ltr'><strong>plurimis</strong></span> <span class='ocrx_word' id='word_1_97' title='bbox 1052 2255 1201 2334; x_wconf 86' lang='lat' dir='ltr'><strong>gentibus.</strong></span> <span class='ocrx_word' id='word_1_98' title='bbox 1245 2257 1290 2315; x_wconf 88' lang='lat' dir='ltr'><strong>in·</strong></span> 
     </span>
     <span class='ocr_line' id='line_1_13' title="bbox 269 2343 1291 2422; baseline 0.001 -20"><span class='ocrx_word' id='word_1_99' title='bbox 269 2344 381 2404; x_wconf 84' lang='lat' dir='ltr'><strong>fractos</strong></span> <span class='ocrx_word' id='word_1_100' title='bbox 405 2343 544 2403; x_wconf 88' lang='lat' dir='ltr'><strong>nonnulli</strong></span> <span class='ocrx_word' id='word_1_101' title='bbox 569 2344 602 2402; x_wconf 89' lang='lat' dir='ltr'><strong>iu</strong></span> <span class='ocrx_word' id='word_1_102' title='bbox 625 2344 740 2405; x_wconf 82' lang='lat' dir='ltr'><strong>duabus</strong></span> <span class='ocrx_word' id='word_1_103' title='bbox 767 2346 902 2422; x_wconf 80' lang='lat' dir='ltr'><strong>partibus</strong></span> <span class='ocrx_word' id='word_1_104' title='bbox 934 2344 1075 2404; x_wconf 76' lang='lat' dir='ltr'><strong>orationis</strong></span> <span class='ocrx_word' id='word_1_105' title='bbox 1099 2347 1218 2421; x_wconf 90' lang='lat' dir='ltr'><strong>ponunt</strong></span> <span class='ocrx_word' id='word_1_106' title='bbox 1240 2345 1291 2403; x_wconf 84' lang='lat' dir='ltr'><strong>ad·</strong></span> 
     </span>
     <span class='ocr_line' id='line_1_14' title="bbox 270 2433 1291 2513; baseline 0.001 -21"><span class='ocrx_word' id='word_1_107' title='bbox 270 2436 401 2493; x_wconf 89' lang='lat' dir='ltr'><strong>serentes</strong></span> <span class='ocrx_word' id='word_1_108' title='bbox 424 2435 457 2493; x_wconf 90' lang='lat' dir='ltr'><strong>in</strong></span> <span class='ocrx_word' id='word_1_109' title='bbox 484 2433 647 2510; x_wconf 82' lang='lat' dir='ltr'><strong>aliquando</strong></span> <span class='ocrx_word' id='word_1_110' title='bbox 674 2437 810 2494; x_wconf 90' lang='lat' dir='ltr'><strong>minuere</strong></span> <span class='ocrx_word' id='word_1_111' title='bbox 833 2437 864 2493; x_wconf 88' lang='lat' dir='ltr'><strong>et</strong></span> <span class='ocrx_word' id='word_1_112' title='bbox 888 2454 997 2513; x_wconf 80' lang='lat' dir='ltr'><strong>augere</strong></span> <span class='ocrx_word' id='word_1_113' title='bbox 1026 2433 1197 2510; x_wconf 74' lang='lat' dir='ltr'><strong>aliquando.</strong></span> <span class='ocrx_word' id='word_1_114' title='bbox 1242 2433 1291 2493; x_wconf 90' lang='lat' dir='ltr'><strong>hic</strong></span> 
     </span>
     <span class='ocr_line' id='line_1_15' title="bbox 269 2523 1291 2602; baseline 0.001 -21"><span class='ocrx_word' id='word_1_115' title='bbox 269 2525 371 2581; x_wconf 82' lang='lat' dir='ltr'><strong>tamen</strong></span> <span class='ocrx_word' id='word_1_116' title='bbox 395 2525 513 2583; x_wconf 80' lang='lat' dir='ltr'><strong>constet</strong></span> <span class='ocrx_word' id='word_1_117' title='bbox 534 2542 595 2582; x_wconf 88' lang='lat' dir='ltr'><strong>non</strong></span> <span class='ocrx_word' id='word_1_118' title='bbox 613 2525 718 2602; x_wconf 77' lang='lat' dir='ltr'><strong>negari</strong></span> <span class='ocrx_word' id='word_1_119' title='bbox 736 2524 861 2598; x_wconf 81' lang='lat' dir='ltr'><strong>fractos,</strong></span> <span class='ocrx_word' id='word_1_120' title='bbox 885 2524 936 2582; x_wconf 86' lang='lat' dir='ltr'><strong>sed</strong></span> <span class='ocrx_word' id='word_1_121' title='bbox 954 2524 1055 2600; x_wconf 90' lang='lat' dir='ltr'><strong>potius</strong></span> <span class='ocrx_word' id='word_1_122' title='bbox 1074 2523 1161 2582; x_wconf 72' lang='lat' dir='ltr'><strong>valde</strong></span> <span class='ocrx_word' id='word_1_123' title='bbox 1179 2523 1291 2582; x_wconf 79' lang='lat' dir='ltr'><strong>fractos</strong></span> 
     </span>
     <span class='ocr_line' id='line_1_16' title="bbox 223 2610 1290 2689; baseline -0.001 -17"><span class='ocrx_word' id='word_1_124' title='bbox 223 2631 250 2672; x_wconf 82' lang='lat' dir='ltr'><strong>rs</strong></span> <span class='ocrx_word' id='word_1_125' title='bbox 270 2610 401 2685; x_wconf 87' lang='lat' dir='ltr'><strong>ostendi,</strong></span> <span class='ocrx_word' id='word_1_126' title='bbox 432 2612 513 2687; x_wconf 91' lang='lat' dir='ltr'><strong>quod</strong></span> <span class='ocrx_word' id='word_1_127' title='bbox 542 2613 642 2689; x_wconf 90' lang='lat' dir='ltr'><strong>ipsum</strong></span> <span class='ocrx_word' id='word_1_128' title='bbox 677 2615 713 2672; x_wconf 90' lang='lat' dir='ltr'><strong>ut</strong></span> <span class='ocrx_word' id='word_1_129' title='bbox 746 2611 918 2689; x_wconf 90' lang='lat' dir='ltr'><strong>plenissime</strong></span> <span class='ocrx_word' id='word_1_130' title='bbox 949 2611 1118 2688; x_wconf 78' lang='lat' dir='ltr'><strong>roboretur,</strong></span> <span class='ocrx_word' id='word_1_131' title='bbox 1146 2612 1290 2671; x_wconf 79' lang='lat' dir='ltr'><strong>infractos</strong></span> 
     </span>
     <span class='ocr_line' id='line_1_17' title="bbox 269 2699 1291 2779; baseline 0.002 -24"><span class='ocrx_word' id='word_1_132' title='bbox 269 2699 302 2756; x_wconf 88' lang='lat' dir='ltr'><strong>in</strong></span> <span class='ocrx_word' id='word_1_133' title='bbox 329 2717 391 2756; x_wconf 85' lang='lat' dir='ltr'><strong>una</strong></span> <span class='ocrx_word' id='word_1_134' title='bbox 416 2702 502 2775; x_wconf 84' lang='lat' dir='ltr'><strong>parte</strong></span> <span class='ocrx_word' id='word_1_135' title='bbox 530 2701 675 2761; x_wconf 81' lang='lat' dir='ltr'><strong>orationis</strong></span> <span class='ocrx_word' id='word_1_136' title='bbox 702 2720 811 2779; x_wconf 86' lang='lat' dir='ltr'><strong>ponere</strong></span> <span class='ocrx_word' id='word_1_137' title='bbox 839 2700 979 2760; x_wconf 90' lang='lat' dir='ltr'><strong>debemus</strong></span> <span class='ocrx_word' id='word_1_138' title='bbox 1007 2704 1043 2759; x_wconf 90' lang='lat' dir='ltr'><strong>ut</strong></span> <span class='ocrx_word' id='word_1_139' title='bbox 1067 2704 1113 2761; x_wconf 89' lang='lat' dir='ltr'><strong>est</strong></span> <span class='ocrx_word' id='word_1_140' title='bbox 1139 2700 1291 2759; x_wconf 81' lang='lat' dir='ltr'><strong>inflexum</strong></span> 
     </span>
     <span class='ocr_line' id='line_1_18' title="bbox 270 2786 1293 2869; baseline 0.003 -24"><span class='ocrx_word' id='word_1_141' title='bbox 270 2786 404 2862; x_wconf 81' lang='lat' dir='ltr'><strong>infracti,</strong></span> <span class='ocrx_word' id='word_1_142' title='bbox 422 2788 536 2864; x_wconf 88' lang='lat' dir='ltr'><strong>iuquit,</strong></span> <span class='ocrx_word' id='word_1_143' title='bbox 555 2790 675 2849; x_wconf 77' lang='lat' dir='ltr'><strong>fluerent</strong></span> <span class='ocrx_word' id='word_1_144' title='bbox 688 2789 792 2850; x_wconf 80' lang='lat' dir='ltr'><strong>Latini</strong></span> <span class='ocrx_word' id='word_1_145' title='bbox 809 2789 986 2869; x_wconf 85' lang='lat' dir='ltr'><strong>pugnando:</strong></span> <span class='ocrx_word' id='word_1_146' title='bbox 1008 2790 1130 2850; x_wconf 80' lang='lat' dir='ltr'><strong>infracti</strong></span> <span class='ocrx_word' id='word_1_147' title='bbox 1144 2787 1293 2850; x_wconf 89' lang='lat' dir='ltr'><strong>sentiendi</strong></span> 
     </span>
     <span class='ocr_line' id='line_1_19' title="bbox 271 2875 1291 2956; baseline 0.004 -22"><span class='ocrx_word' id='word_1_148' title='bbox 271 2879 342 2935; x_wconf 85' lang='lat' dir='ltr'><strong>suut</strong></span> <span class='ocrx_word' id='word_1_149' title='bbox 365 2875 465 2936; x_wconf 80' lang='lat' dir='ltr'><strong>animo</strong></span> <span class='ocrx_word' id='word_1_150' title='bbox 489 2878 605 2938; x_wconf 84' lang='lat' dir='ltr'><strong>scilicet</strong></span> <span class='ocrx_word' id='word_1_151' title='bbox 626 2882 657 2938; x_wconf 85' lang='lat' dir='ltr'><strong>st</strong></span> <span class='ocrx_word' id='word_1_152' title='bbox 678 2879 807 2955; x_wconf 77' lang='lat' dir='ltr'><strong>uiribus,</strong></span> <span class='ocrx_word' id='word_1_153' title='bbox 836 2883 941 2956; x_wconf 87' lang='lat' dir='ltr'><strong>utpote</strong></span> <span class='ocrx_word' id='word_1_154' title='bbox 965 2879 1018 2955; x_wconf 91' lang='lat' dir='ltr'><strong>qui</strong></span> <span class='ocrx_word' id='word_1_155' title='bbox 1047 2879 1171 2940; x_wconf 74' lang='lat' dir='ltr'><strong>adverso</strong></span> <span class='ocrx_word' id='word_1_156' title='bbox 1194 2879 1291 2938; x_wconf 77' lang='lat' dir='ltr'><strong>Morte</strong></span> 
     </span>
    </p>
   </div>
   <div class='ocr_carea' id='block_1_3' title="bbox 223 2966 1293 3579">
    <p class='ocr_par' dir='ltr' id='par_1_5' title="bbox 223 2966 1293 3579">
     <span class='ocr_line' id='line_1_20' title="bbox 270 2966 1291 3047; baseline 0.003 -23"><span class='ocrx_word' id='word_1_157' title='bbox 270 2970 456 3042; x_wconf 77' lang='lat' dir='ltr'><strong>pugnassent</strong></span> <span class='ocrx_word' id='word_1_158' title='bbox 478 2970 509 3026; x_wconf 90' lang='lat' dir='ltr'><strong>et</strong></span> <span class='ocrx_word' id='word_1_159' title='bbox 527 2966 703 3026; x_wconf 86' lang='lat' dir='ltr'><strong>deteriorem</strong></span> <span class='ocrx_word' id='word_1_160' title='bbox 725 2971 906 3044; x_wconf 89' lang='lat' dir='ltr'><strong>metuerent,</strong></span> <span class='ocrx_word' id='word_1_161' title='bbox 929 2968 1051 3028; x_wconf 82' lang='lat' dir='ltr'><strong>infracti</strong></span> <span class='ocrx_word' id='word_1_162' title='bbox 1067 2987 1137 3047; x_wconf 84' lang='lat' dir='ltr'><strong>ergo</strong></span> <span class='ocrx_word' id='word_1_163' title='bbox 1157 2967 1210 3044; x_wconf 91' lang='lat' dir='ltr'><strong>qui</strong></span> <span class='ocrx_word' id='word_1_164' title='bbox 1227 2967 1291 3027; x_wconf 91' lang='lat' dir='ltr'><strong>nol·</strong></span> 
     </span>
     <span class='ocr_line' id='line_1_21' title="bbox 223 3055 1291 3135; baseline 0 -18"><span class='ocrx_word' id='word_1_165' title='bbox 223 3076 251 3117; x_wconf 84' lang='lat' dir='ltr'><strong>ro</strong></span> <span class='ocrx_word' id='word_1_166' title='bbox 271 3056 335 3114; x_wconf 88' lang='lat' dir='ltr'><strong>lent</strong></span> <span class='ocrx_word' id='word_1_167' title='bbox 353 3055 495 3134; x_wconf 87' lang='lat' dir='ltr'><strong>congredi</strong></span> <span class='ocrx_word' id='word_1_168' title='bbox 513 3058 544 3116; x_wconf 90' lang='lat' dir='ltr'><strong>et</strong></span> <span class='ocrx_word' id='word_1_169' title='bbox 562 3058 615 3134; x_wconf 91' lang='lat' dir='ltr'><strong>qui</strong></span> <span class='ocrx_word' id='word_1_170' title='bbox 632 3057 694 3116; x_wconf 81' lang='lat' dir='ltr'><strong>ium</strong></span> <span class='ocrx_word' id='word_1_171' title='bbox 712 3075 847 3134; x_wconf 74' lang='lat' dir='ltr'><strong>pugnare</strong></span> <span class='ocrx_word' id='word_1_172' title='bbox 865 3077 926 3116; x_wconf 91' lang='lat' dir='ltr'><strong>non</strong></span> <span class='ocrx_word' id='word_1_173' title='bbox 941 3060 1071 3135; x_wconf 87' lang='lat' dir='ltr'><strong>possent.</strong></span> <span class='ocrx_word' id='word_1_174' title='bbox 1102 3076 1198 3134; x_wconf 89' lang='lat' dir='ltr'><strong>usque</strong></span> <span class='ocrx_word' id='word_1_175' title='bbox 1217 3056 1291 3117; x_wconf 83' lang='lat' dir='ltr'><strong>adeo</strong></span> 
     </span>
     <span class='ocr_line' id='line_1_22' title="bbox 270 3143 1293 3222; baseline 0.005 -21"><span class='ocrx_word' id='word_1_176' title='bbox 270 3143 358 3203; x_wconf 82' lang='lat' dir='ltr'><strong>valde</strong></span> <span class='ocrx_word' id='word_1_177' title='bbox 376 3146 487 3205; x_wconf 80' lang='lat' dir='ltr'><strong>fructos</strong></span> <span class='ocrx_word' id='word_1_178' title='bbox 507 3145 596 3222; x_wconf 83' lang='lat' dir='ltr'><strong>dixit,</strong></span> <span class='ocrx_word' id='word_1_179' title='bbox 614 3148 649 3204; x_wconf 90' lang='lat' dir='ltr'><strong>ut</strong></span> <span class='ocrx_word' id='word_1_180' title='bbox 667 3147 811 3222; x_wconf 82' lang='lat' dir='ltr'><strong>sequntur</strong></span> <span class='ocrx_word' id='word_1_181' title='bbox 829 3146 971 3206; x_wconf 88' lang='lat' dir='ltr'><strong>defecisse</strong></span> <span class='ocrx_word' id='word_1_182' title='bbox 984 3147 1075 3206; x_wconf 84' lang='lat' dir='ltr'><strong>ridet.</strong></span> <span class='ocrx_word' id='word_1_183' title='bbox 1108 3146 1229 3207; x_wconf 89' lang='lat' dir='ltr'><strong>deficere</strong></span> <span class='ocrx_word' id='word_1_184' title='bbox 1247 3149 1293 3206; x_wconf 89' lang='lat' dir='ltr'><strong>est</strong></span> 
     </span>
     <span class='ocr_line' id='line_1_23' title="bbox 270 3233 1291 3296; baseline 0.006 -6"><span class='ocrx_word' id='word_1_185' title='bbox 270 3233 349 3291; x_wconf 88' lang='lat' dir='ltr'><strong>enim</strong></span> <span class='ocrx_word' id='word_1_186' title='bbox 372 3255 431 3293; x_wconf 91' lang='lat' dir='ltr'><strong>non</strong></span> <span class='ocrx_word' id='word_1_187' title='bbox 454 3238 574 3294; x_wconf 82' lang='lat' dir='ltr'><strong>tautum</strong></span> <span class='ocrx_word' id='word_1_188' title='bbox 597 3235 705 3294; x_wconf 79' lang='lat' dir='ltr'><strong>lassari</strong></span> <span class='ocrx_word' id='word_1_189' title='bbox 726 3254 831 3296; x_wconf 86' lang='lat' dir='ltr'><strong>verum</strong></span> <span class='ocrx_word' id='word_1_190' title='bbox 856 3235 948 3294; x_wconf 83' lang='lat' dir='ltr'><strong>etism</strong></span> <span class='ocrx_word' id='word_1_191' title='bbox 971 3255 990 3295; x_wconf 80' lang='lat' dir='ltr'><strong>a</strong></span> <span class='ocrx_word' id='word_1_192' title='bbox 1012 3234 1165 3296; x_wconf 92' lang='lat' dir='ltr'><strong>commodo</strong></span> <span class='ocrx_word' id='word_1_193' title='bbox 1188 3235 1291 3296; x_wconf 92' lang='lat' dir='ltr'><strong>unius·</strong></span> 
     </span>
     <span class='ocr_line' id='line_1_24' title="bbox 271 3323 1292 3400; baseline 0.007 -21"><span class='ocrx_word' id='word_1_194' title='bbox 271 3323 414 3398; x_wconf 90' lang='lat' dir='ltr'><strong>cuiusque</strong></span> <span class='ocrx_word' id='word_1_195' title='bbox 452 3324 497 3382; x_wconf 91' lang='lat' dir='ltr'><strong>rei</strong></span> <span class='ocrx_word' id='word_1_196' title='bbox 533 3323 695 3399; x_wconf 87' lang='lat' dir='ltr'><strong>discedere,</strong></span> <span class='ocrx_word' id='word_1_197' title='bbox 732 3323 812 3400; x_wconf 92' lang='lat' dir='ltr'><strong>quod</strong></span> <span class='ocrx_word' id='word_1_198' title='bbox 843 3325 899 3383; x_wconf 89' lang='lat' dir='ltr'><strong>hoc</strong></span> <span class='ocrx_word' id='word_1_199' title='bbox 930 3325 996 3384; x_wconf 90' lang='lat' dir='ltr'><strong>loco</strong></span> <span class='ocrx_word' id='word_1_200' title='bbox 1027 3324 1215 3384; x_wconf 89' lang='lat' dir='ltr'><strong>sentiendum</strong></span> <span class='ocrx_word' id='word_1_201' title='bbox 1247 3329 1292 3386; x_wconf 86' lang='lat' dir='ltr'><strong>est</strong></span> 
     </span>
     <span class='ocr_line' id='line_1_25' title="bbox 271 3410 1291 3491; baseline 0.007 -24"><span class='ocrx_word' id='word_1_202' title='bbox 271 3410 425 3489; x_wconf 86' lang='lat' dir='ltr'><strong>defecisse,</strong></span> <span class='ocrx_word' id='word_1_203' title='bbox 448 3432 503 3490; x_wconf 90' lang='lat' dir='ltr'><strong>pro</strong></span> <span class='ocrx_word' id='word_1_204' title='bbox 526 3414 627 3473; x_wconf 84' lang='lat' dir='ltr'><strong>Turno</strong></span> <span class='ocrx_word' id='word_1_205' title='bbox 654 3412 715 3472; x_wconf 82' lang='lat' dir='ltr'><strong>iam</strong></span> <span class='ocrx_word' id='word_1_206' title='bbox 743 3413 823 3473; x_wconf 90' lang='lat' dir='ltr'><strong>nolle</strong></span> <span class='ocrx_word' id='word_1_207' title='bbox 846 3432 981 3491; x_wconf 81' lang='lat' dir='ltr'><strong>pugnare</strong></span> <span class='ocrx_word' id='word_1_208' title='bbox 1004 3416 1035 3472; x_wconf 91' lang='lat' dir='ltr'><strong>et</strong></span> <span class='ocrx_word' id='word_1_209' title='bbox 1057 3413 1208 3473; x_wconf 83' lang='lat' dir='ltr'><strong>adfectum</strong></span> <span class='ocrx_word' id='word_1_210' title='bbox 1231 3433 1291 3474; x_wconf 87' lang='lat' dir='ltr'><strong>cer·</strong></span> 
     </span>
     <span class='ocr_line' id='line_1_26' title="bbox 223 3501 1293 3579; baseline 0.002 -18"><span class='ocrx_word' id='word_1_211' title='bbox 223 3519 249 3561; x_wconf 79' lang='lat' dir='ltr'><strong>ss</strong></span> <span class='ocrx_word' id='word_1_212' title='bbox 270 3501 433 3577; x_wconf 81' lang='lat' dir='ltr'><strong>taminum,</strong></span> <span class='ocrx_word' id='word_1_213' title='bbox 457 3503 537 3578; x_wconf 93' lang='lat' dir='ltr'><strong>quod</strong></span> <span class='ocrx_word' id='word_1_214' title='bbox 559 3503 686 3562; x_wconf 90' lang='lat' dir='ltr'><strong>ulterius</strong></span> <span class='ocrx_word' id='word_1_215' title='bbox 704 3502 781 3562; x_wconf 88' lang='lat' dir='ltr'><strong>ferre</strong></span> <span class='ocrx_word' id='word_1_216' title='bbox 804 3522 865 3562; x_wconf 91' lang='lat' dir='ltr'><strong>non</strong></span> <span class='ocrx_word' id='word_1_217' title='bbox 883 3505 1035 3579; x_wconf 79' lang='lat' dir='ltr'><strong>poterant,</strong></span> <span class='ocrx_word' id='word_1_218' title='bbox 1057 3503 1201 3564; x_wconf 86' lang='lat' dir='ltr'><strong>reiecisse.</strong></span> <span class='ocrx_word' id='word_1_219' title='bbox 1235 3521 1293 3563; x_wconf 78' lang='lat' dir='ltr'><strong>seeo</strong></span> 
     </span>
    </p>
   </div>
   <div class='ocr_carea' id='block_1_4' title="bbox 344 3663 1328 3744">
    <p class='ocr_par' dir='ltr' id='par_1_6' title="bbox 344 3663 1328 3744">
     <span class='ocr_line' id='line_1_27' title="bbox 344 3663 1328 3744; baseline -0.005 -19"><span class='ocrx_word' id='word_1_220' title='bbox 344 3674 520 3728; x_wconf 78' lang='lat' dir='ltr'><strong>tcoote&#39;ceut</strong></span> <span class='ocrx_word' id='word_1_221' title='bbox 533 3672 559 3727; x_wconf 91' lang='lat' dir='ltr'><strong>V</strong></span> <span class='ocrx_word' id='word_1_222' title='bbox 573 3675 693 3730; x_wconf 69' lang='lat' dir='ltr'><strong>vectust</strong></span> <span class='ocrx_word' id='word_1_223' title='bbox 706 3673 750 3730; x_wconf 92' lang='lat' dir='ltr'><strong>ed.</strong></span> <span class='ocrx_word' id='word_1_224' title='bbox 810 3672 1021 3744; x_wconf 57' lang='lat' dir='ltr'><strong>trespcrrdttd</strong></span> <span class='ocrx_word' id='word_1_225' title='bbox 1043 3671 1185 3726; x_wconf 53' lang='lat' dir='ltr'><strong>commu.</strong></span> <span class='ocrx_word' id='word_1_226' title='bbox 1233 3671 1258 3714; x_wconf 69' lang='lat' dir='ltr'><strong>‘l</strong></span> <span class='ocrx_word' id='word_1_227' title='bbox 1273 3663 1328 3714; x_wconf 68' lang='lat' dir='ltr'><strong>eet.</strong></span> 
     </span>
    </p>
   </div>
   <div class='ocr_carea' id='block_1_5' title="bbox 257 3733 1350 3881">
    <p class='ocr_par' dir='ltr' id='par_1_7' title="bbox 257 3733 1350 3881">
     <span class='ocr_line' id='line_1_28' title="bbox 265 3733 1346 3821; baseline 0.006 -26"><span class='ocrx_word' id='word_1_228' title='bbox 265 3758 313 3795; x_wconf 83' lang='lat' dir='ltr'><strong>eos</strong></span> <span class='ocrx_word' id='word_1_229' title='bbox 329 3741 355 3794; x_wconf 91' lang='lat' dir='ltr'><strong><em>V</em></strong></span> <span class='ocrx_word' id='word_1_230' title='bbox 368 3750 396 3797; x_wconf 79' lang='lat' dir='ltr'><strong>et</strong></span> <span class='ocrx_word' id='word_1_231' title='bbox 409 3742 544 3812; x_wconf 84' lang='lat' dir='ltr'><strong>interpoe.</strong></span> <span class='ocrx_word' id='word_1_232' title='bbox 561 3745 604 3800; x_wconf 89' lang='lat' dir='ltr'><strong>ed.</strong></span> <span class='ocrx_word' id='word_1_233' title='bbox 664 3753 820 3806; x_wconf 67' lang='lat' dir='ltr'><strong>emonem</strong></span> <span class='ocrx_word' id='word_1_234' title='bbox 830 3746 871 3804; x_wconf 74' lang='lat' dir='ltr'><strong>V.</strong></span> <span class='ocrx_word' id='word_1_235' title='bbox 890 3748 901 3821; x_wconf 68' lang='lat' dir='ltr'><strong>l</strong></span> <span class='ocrx_word' id='word_1_236' title='bbox 918 3747 1052 3819; x_wconf 72' lang='lat' dir='ltr'><strong>primum</strong></span> <span class='ocrx_word' id='word_1_237' title='bbox 1070 3743 1123 3798; x_wconf 67' lang='lat' dir='ltr'><strong>sd.</strong></span> <span class='ocrx_word' id='word_1_238' title='bbox 1176 3733 1346 3802; x_wconf 41' lang='lat' dir='ltr'><strong>&amp;tw</strong></span> 
     </span>
     <span class='ocr_line' id='line_1_29' title="bbox 257 3798 1350 3881; baseline -0.01 -18"><span class='ocrx_word' id='word_1_239' title='bbox 257 3810 328 3863; x_wconf 79' lang='lat' dir='ltr'><strong>edF.</strong></span> <span class='ocrx_word' id='word_1_240' title='bbox 384 3818 420 3866; x_wconf 85' lang='lat'><strong>19</strong></span> <span class='ocrx_word' id='word_1_241' title='bbox 438 3815 682 3878; x_wconf 78' lang='lat' dir='ltr'><strong>deterecreV-ro</strong></span> <span class='ocrx_word' id='word_1_242' title='bbox 698 3822 749 3881; x_wconf 87' lang='lat' dir='ltr'><strong>ed.</strong></span> <span class='ocrx_word' id='word_1_243' title='bbox 809 3827 848 3879; x_wconf 77' lang='lat'><strong>20</strong></span> <span class='ocrx_word' id='word_1_244' title='bbox 865 3823 932 3879; x_wconf 77' lang='lat' dir='ltr'><strong>toro</strong></span> <span class='ocrx_word' id='word_1_245' title='bbox 949 3815 1083 3876; x_wconf 60' lang='lat' dir='ltr'><strong>emm.</strong></span> <span class='ocrx_word' id='word_1_246' title='bbox 1139 3798 1350 3860; x_wconf 52' lang='lat' dir='ltr'><strong>timenus*</strong></span> 
     </span>
    </p>
   </div>
   <div class='ocr_carea' id='block_1_6' title="bbox 298 3910 1217 3975">
    <p class='ocr_par' dir='ltr' id='par_1_8' title="bbox 298 3910 1217 3975">
     <span class='ocr_line' id='line_1_30' title="bbox 298 3910 1217 3975; baseline 0.062 -23"><span class='ocrx_word' id='word_1_247' title='bbox 298 3915 359 3955; x_wconf 82' lang='lat' dir='ltr'><strong>Don.</strong></span> <span class='ocrx_word' id='word_1_248' title='bbox 369 3916 470 3968; x_wconf 79' lang='lat' dir='ltr'><strong>interpr.</strong></span> <span class='ocrx_word' id='word_1_249' title='bbox 481 3923 552 3975; x_wconf 76' lang='lat' dir='ltr'><strong>Verg.</strong></span> <span class='ocrx_word' id='word_1_250' title='bbox 569 3929 617 3970; x_wconf 83' lang='lat' dir='ltr'><strong>vol.</strong></span> <span class='ocrx_word' id='word_1_251' title='bbox 629 3931 666 3974; x_wconf 89' lang='lat' dir='ltr'><strong>H.</strong></span> <span class='ocrx_word' id='word_1_252' title='bbox 1173 3910 1217 3960; x_wconf 37' lang='lat' dir='ltr'><strong>RB</strong></span> 
     </span>
    </p>
   </div>
   <div class='ocr_carea' id='block_1_7' title="bbox 0 0 1578 4375">
    <p class='ocr_par' dir='ltr' id='par_1_9' title="bbox 0 0 1578 4375">
     <span class='ocr_line' id='line_1_31' title="bbox 0 0 1578 4375; baseline 0 0"><span class='ocrx_word' id='word_1_253' title='bbox 0 0 1578 4375; x_wconf 95' lang='lat' dir='ltr'><strong> </strong></span> 
     </span>
    </p>
   </div>
  </div>
 </body>
</html>
