3142 4375
664 486 847 543 AENEIDOS
861 486 914 542 VH
1253 488 1297 554 29

278 655 388 733 quibus
403 656 569 732 apparebat
581 655 649 715 illes
664 674 724 714 non
741 657 862 714 tantum
879 655 1071 715 terrestribus
1089 655 1176 715 bellis
1193 674 1298 714 verum

278 746 370 805 etiam
393 745 552 805 navalibus
575 744 697 821 proeliis
721 746 881 805 certavisse
903 745 1003 804 ethis
1028 764 1147 820 quoque
1165 743 1299 803 extitisse

278 834 416 894 victores.
459 835 523 908 ipse
546 834 697 909 Quirinali
719 834 789 893 litae
814 851 967 907 paruaque
993 834 1111 893 sedebat
1135 834 1299 893 medietas

206 913 210 921 ’
278 926 380 983 trabea
404 924 544 997 meaeque
566 924 661 982 aadle
681 924 800 997 parebat
819 924 910 982 Picus
937 940 1043 998 ceraue
1068 924 1206 983 domitor:
1234 924 1299 998 ipse

248 1012 367 1072 cPicus
390 1032 535 1089 equorum
558 1011 688 1071 domitor
710 1012 892 1089 perindeque
915 1013 1017 1072 studio
1040 1011 1196 1088 equitandi
1214 1031 1299 1088 prae

279 1105 363 1163 stans
395 1101 531 1176 sedebat,
563 1101 687 1161 sedebat
717 1102 814 1161 ferens
841 1102 874 1159 in
901 1100 1007 1160 dextm
1038 1101 1161 1176 lituum,
1189 1100 1222 1159 id
1255 1103 1301 1161 est

278 1192 397 1270 regium
410 1191 551 1250 baculum
568 1192 601 1248 in
620 1209 679 1268 quo
697 1194 832 1266 potestas
851 1193 928 1250 esset
944 1191 1179 1250 dirimendarum
1191 1190 1300 1264 litium,

280 1284 310 1340 et
333 1299 428 1357 parva
454 1279 560 1339 trabea
586 1282 766 1354 succinctus,
791 1283 846 1339 aut
867 1299 935 1339 vere
957 1299 1069 1357 parva,
1098 1281 1170 1358 quia
1197 1283 1301 1339 extant

279 1370 365 1443 tales,
384 1372 440 1428 aut
455 1389 516 1428 non
529 1370 632 1446 magni
645 1368 743 1445 pretii,
762 1370 904 1445 quoniam
924 1370 1005 1445 apud
1019 1372 1134 1429 veteres
1148 1368 1300 1429 ambitiosi

236 1478 263 1518 ιο
281 1460 381 1518 cultus
411 1477 471 1517 non
494 1459 628 1533 fixerunt,
651 1459 738 1519 laeva
760 1478 832 1518 vero
855 1462 977 1536 gestans
1000 1460 1110 1533 ancile,
1133 1458 1214 1535 quod
1237 1477 1300 1519 esse

280 1548 378 1607 fertur
397 1546 474 1607 scuti
490 1546 635 1607 brevioris
653 1566 769 1606 nomen.
812 1565 896 1620 quera
913 1552 1001 1621 capta
1019 1549 1155 1622 cupidine
1173 1549 1300 1608 meiana

282 1652 376 1694 aarea
393 1652 567 1709 percussam
588 1638 674 1712 airpa
695 1653 868 1709 versamque
889 1638 1009 1696 naamis
1030 1638 1099 1709 tecit
1120 1654 1204 1696 ecem
1219 1635 1363 1700 Oirce190

281 1725 446 1797 sparsitque
467 1726 611 1785 scuritas
634 1726 716 1785 alas:
740 1724 837 1800 Circe,
859 1725 974 1802 inquit,
997 1744 1065 1785 eum
1082 1726 1206 1785 haberet
1222 1728 1302 1786 hunc

280 1815 432 1889 maritum,
447 1815 639 1893 malignitate
654 1815 744 1874 dueta
758 1815 944 1876 detestabilis
963 1814 1106 1874 scientiae
1125 1834 1196 1875 suae
1214 1818 1302 1893 virga

237 1920 263 1961 15
281 1922 373 1962 aurea
395 1906 545 1980 percussit
567 1908 598 1963 et
620 1922 656 1963 ex
673 1905 822 1964 vinctam
840 1904 936 1964 nobili
958 1906 1172 1980 tantarumque
1191 1904 1301 1982 gloria-

279 2013 347 2052 rum
371 2012 457 2052 avem
484 1993 557 2052 fecit
581 1995 749 2071 gestantem
775 1994 809 2051 in
835 1993 936 2070 pinnis
963 1992 1142 2054 varietatem
1169 1994 1302 2052 colorum

280 2083 320 2142 ad
342 2082 488 2142 indicium
511 2081 646 2160 coniugis
669 2100 776 2141 saevae
804 2077 900 2163 (qued
924 2083 969 2142 ait
991 2102 1095 2158 aurea,
1123 2086 1154 2142 et
1181 2083 1303 2161 coniugi

281 2174 382 2250 aptari
399 2174 513 2250 potest,
536 2175 573 2232 ut
594 2172 634 2232 sit
652 2172 734 2232 loeus
755 2191 823 2231 cum
840 2172 1075 2250 vituperatione,
1099 2191 1175 2248 quae
1194 2192 1303 2252 graeca

280 2264 386 2339 lingua
413 2263 512 2321 ironia
540 2261 662 2337 dieitur,
689 2264 724 2320 ut
751 2262 812 2320 alic
835 2263 900 2321 loeo
924 2254 969 2342 (6,
985 2255 1065 2341 523)
1092 2263 1236 2340 „egregia
1257 2263 1303 2321 in·

237 2370 263 2409 ac
280 2354 363 2410 terea
385 2343 549 2433 coniuux“)
572 2352 660 2429 virga
682 2371 785 2427 aurea,
809 2354 845 2410 ut
866 2351 929 2411 iam
947 2352 1062 2410 dietum
1084 2353 1143 2426 est,
1167 2372 1227 2428 qua
1248 2351 1304 2411 illa

280 2441 379 2518 magis
407 2440 550 2500 utebatur
580 2443 610 2499 et
640 2442 724 2501 euius
753 2440 806 2499 ille
835 2442 950 2500 indicia
978 2440 1108 2500 habebat
1134 2442 1166 2500 in
1194 2441 1303 2518 pinnis.

281 2529 338 2588 hcc
367 2549 428 2588 ncn
457 2531 521 2588 sine
550 2549 661 2608 magna
690 2529 912 2607 vituperatione
939 2529 1072 2607 positum
1095 2533 1217 2590 estnec
1240 2530 1303 2590 sine

283 2617 412 2677 dolentis
445 2619 579 2693 adfectu,
610 2621 732 2678 tantum
762 2620 862 2679 virum
893 2621 1108 2695 tantarumque
1140 2620 1304 2697 gloriarum

282 2707 421 2782 tantique
453 2709 570 2785 generis
603 2708 754 2767 sceleratis
783 2709 885 2768 uxoris
918 2709 1034 2768 artibus
1060 2709 1092 2766 in
1125 2728 1212 2769 avem
1241 2727 1303 2768 csse

239 2809 266 2850 as
284 2812 467 2854 conversum.
514 2796 568 2855 tali
601 2797 682 2854 ictas
718 2798 822 2870 templa
854 2799 956 2857 dicam
981 2799 1142 2872 patriaque
1173 2798 1304 2856 Latinas

283 2883 351 2942 sede
376 2883 479 2943 sedeas
508 2886 634 2943 Teucros
664 2885 704 2944 ad
733 2903 796 2945 sese
824 2887 905 2946 intra
931 2891 1005 2946 tecta
1035 2887 1136 2945 aoeari
1166 2888 1305 2960 imperat:

283 2973 365 3031 intra
391 2975 473 3032 tecta
501 2974 588 3048 dixit,
619 2993 697 3051 quae
724 2975 876 3051 descripta
902 2994 962 3035 ncn
989 2979 1072 3051 sunt3
1100 2995 1136 3034 ex
1163 2975 1305 3035 vestibuli

284 3061 364 3119 enim
401 3063 547 3139 qualitate
583 3063 721 3141 intellegi
759 3066 860 3140 potest
899 3065 1026 3126 interior
1062 3065 1175 3124 damus.
1225 3069 1304 3124 certe

283 3153 396 3210 tectum
419 3151 497 3210 dixit
518 3151 615 3229 prima
640 3145 749 3233 (170),
780 3171 848 3211 eum
876 3173 969 3211 unum
996 3154 1100 3213 domus
1126 3153 1306 3214 describeret

356 3373 511 3429 talterum
529 3375 638 3429 sedebat
655 3391 709 3430 om.
723 3373 779 3428 ΗΟ
799 3373 843 3429 ed.
905 3381 1031 3444 tropum
1050 3377 1093 3430 ed.
1156 3382 1189 3430 15
1208 3379 1266 3432 iam
1279 3376 1306 3431 V

284 3450 341 3499 tam
366 3445 409 3498 ed.
483 3451 516 3500 17
539 3462 636 3501 samue
652 3445 679 3499 V
701 3463 769 3501 suae
792 3445 835 3500 ed.
910 3451 943 3500 19
966 3447 1077 3502 tironia
1097 3446 1130 3501 V.
1161 3447 1164 3519 l
1198 3450 1258 3503 alia
1280 3447 1306 3502 V

285 3532 353 3569 corr.
380 3516 423 3570 ed.
449 3517 476 3640 pl
500 3519 626 3588 aeprepta
648 3517 675 3571 V
700 3524 794 3588 erepta
818 3517 863 3572 ed,
936 3522 970 3571 20
994 3520 1075 3588 capa
1096 3517 1123 3571 V
1146 3521 1189 3574 aet
1210 3537 1235 3575 a.
1261 3520 1304 3574 ed.

284 3589 318 3640 21
344 3589 432 3656 magis
500 3591 614 3659 magicis
638 3589 692 3643 edI
716 3591 749 3644 ia
771 3608 806 3645 m.
833 3588 895 3646 edF
920 3589 993 3644 mihi
1014 3590 1085 3644 Dcn.
1106 3590 1198 3659 magis
1221 3608 1306 3659 quam

283 3658 398 3712 venenis
423 3658 587 3730 intellegere
611 3660 731 3716 videtur.
766 3661 769 3733 i
803 3663 835 3716 ia
855 3663 956 3731 mauis
980 3678 1034 3715 cm.
1054 3662 1097 3716 ed.
1170 3668 1205 3716 24
1226 3663 1308 3717 seele-

284 3728 380 3784 ratiV
399 3732 452 3786 -tic
469 3747 519 3784 ncs
538 3736 597 3786 ·tae
615 3731 659 3786 ed.
714 3731 774 3788 '26
792 3732 888 3788 seeeV
905 3750 933 3788 se
951 3733 997 3787 ed.
1028 3734 1039 3805 1
1067 3734 1331 3795 istra-impetat

285 3802 314 3854 et
339 3817 411 3868 quae
438 3800 513 3855 infra
540 3805 695 3870 sequuntur
722 3810 747 3860 et
771 3807 976 3864 solia-uuita
1003 3805 1084 3861 Dan.
1111 3801 1280 3858 aperiente
1305 3792 1355 3843 *Q

285 3887 310 3924 v·
326 3876 377 3925 lae
394 3873 528 3929 memoria
545 3874 668 3947 scripsit.
