3142 4375
641 546 882 603 manmosm
1204 551 1269 616 277

246 713 432 778 lambitur
456 713 520 778 iam
546 719 679 795 quantae
702 717 742 776 sit
764 716 887 778 virtutis
909 715 1077 793 phalarica:
1106 717 1273 793 perforavit

246 803 369 866 dnobus
385 805 470 866 tauri
487 805 577 866 coriis
595 808 756 883 procurata
772 805 960 866 munimenta
974 809 1005 866 et
1018 807 1142 866 loricam
1157 805 1272 883 duplici

245 911 381 974 squam
401 896 578 956 consertam.
624 894 776 972 inprime
805 895 881 955 libro
905 887 1001 976 (368)
1029 896 1105 956 dixit
1129 896 1270 972 „taurino

246 985 401 1062 quntum
412 987 537 1062 possent
549 984 733 1045 circumdare
745 983 868 1063 tergo“:
886 984 934 1043 hic
948 984 1134 1061 splendidius
1153 986 1270 1045 locutus

216 1071 293 1134 seit
315 1071 380 1134 dno
400 1075 508 1135 taurea
530 1076 629 1153 arga,
656 1093 716 1134 non
740 1073 817 1133 dixit
841 1073 970 1134 taurina.
1016 1075 1157 1147 conlapsa
1179 1078 1271 1133 ruuut

244 1161 388 1224 moesia
401 1163 548 1223 cumbra:
569 1162 703 1223 nondum
717 1163 849 1222 ostendit
862 1164 980 1222 ruinam
995 1164 1128 1222 cadentis
1142 1163 1271 1238 plenam,

245 1249 300 1314 sed
323 1249 452 1312 dicendo
469 1252 612 1330 conlapsa
634 1255 726 1312 ruunt
743 1252 878 1311 inmania
896 1251 1029 1311 membra
1047 1252 1272 1328 praenuntiavit

245 1338 460 1420 desmiptionis
489 1342 626 1419 aliquam
654 1343 779 1418 partem.
830 1342 882 1400 dat
911 1341 995 1399 tellus
1022 1342 1176 1415 punitum:
1207 1341 1270 1416 illo,

244 1429 365 1510 inquit,
392 1429 516 1490 cadente
540 1449 608 1490 cum
633 1429 714 1490 tenti
736 1431 870 1506 eorporis
892 1429 1021 1505 pondere
1045 1429 1160 1507 gemuit
1181 1432 1270 1489 terra.

206 1537 231 1580 re
245 1523 273 1580 et
295 1519 426 1594 Quum
442 1535 532 1594 super
548 1520 663 1579 intonat
679 1520 798 1594 apem:
820 1538 930 1597 magna
949 1518 1039 1595 clipei
1057 1519 1169 1595 species
1188 1537 1270 1596 mag-

244 1627 322 1670 nnm
348 1608 464 1668 fecerat
490 1627 608 1683 sonum,
637 1608 670 1667 in
697 1610 818 1668 tantum
844 1611 880 1667 ut
908 1609 1022 1668 eaelum
1047 1611 1205 1684 putaretur
1226 1609 1270 1666 in·

244 1697 393 1760 tonuisse.
434 1696 504 1757 talis
526 1698 559 1756 tu
576 1697 708 1758 Euboico
731 1698 883 1756 Baiarum
905 1698 987 1756 litore
1010 1697 1157 1770 quondam
1179 1706 1332 1756 saaeallo

240 1787 312 1862 pilo
340 1785 434 1855 eadit,
461 1787 579 1862 mapula
609 1805 697 1861 auam
726 1787 851 1845 molibus
879 1791 946 1845 aute
969 1790 1162 1845 constructam
1180 1791 1270 1858 pouto

244 1875 377 1936 iusim
407 1875 501 1936 talem
530 1876 583 1936 dat
612 1877 744 1935 sonitum
774 1875 851 1952 pila,
880 1895 971 1953 quam
994 1877 1046 1934 diu
1069 1878 1271 1935 constructam

207 1979 231 2024 rs
245 1963 368 2026 halant
398 1967 493 2043 ponto
522 1963 632 2024 Baiani
663 1965 761 2025 litoris
794 1964 937 2024 homines.
992 1966 1035 2024 sie
1065 1965 1119 2024 illa
1149 1965 1271 2022 ruinam

242 2071 346 2128 prm
372 2053 464 2114 trabit
484 2055 659 2129 penitusque
685 2055 772 2113 uadis
799 2055 891 2112 inlisa
918 2055 1071 2113 recumbit:
1098 2054 1173 2113 dixit
1195 2053 1270 2112 duas

247 2159 356 2205 mosao
388 2141 498 2221 quibus
528 2143 688 2205 violentior
716 2143 849 2204 volvitur
879 2146 910 2204 et
939 2162 1006 2203 cum
1036 2141 1152 2221 ingenti
1183 2141 1271 2202 ruina

246 2232 397 2311 pervenit
432 2251 495 2292 nna
514 2233 649 2310 estquis
672 2233 777 2292 multis
801 2236 832 2292 et
854 2233 932 2293 saris
957 2236 987 2292 et
1008 2231 1201 2309 inpensarum
1220 2234 1271 2291 ad·

246 2322 393 2383 mixtione
407 2323 585 2401 congeritur,
602 2323 698 2382 altera
713 2324 784 2397 quia
798 2324 924 2400 urgetur
937 2321 969 2380 in
982 2341 1124 2398 praeceps
1138 2321 1269 2398 penitus·

207 2426 233 2471 n
247 2428 309 2489 qne
329 2408 418 2471 vadis
444 2411 536 2471 inlisa
562 2411 717 2471 recumbit.
762 2430 881 2471 necesse
910 2413 989 2470 enim
1012 2414 1058 2470 est
1080 2412 1142 2470 ima
1169 2415 1270 2487 petere

248 2516 328 2577 quae
340 2501 459 2579 magnis
477 2501 659 2577 ponderibus
674 2500 787 2560 cadunt
805 2505 836 2560 et
858 2504 943 2560 tanto
968 2500 1135 2576 depressius
1157 2503 1269 2575 quanto

247 2588 406 2667 posuerint
437 2591 585 2669 graviora.
641 2609 706 2649 ecce
739 2591 854 2648 factum
886 2610 921 2648 er
957 2590 1052 2648 facto:
1088 2592 1209 2648 misceat
1239 2605 1270 2647 se

246 2678 349 2739 muria
375 2682 405 2737 et
424 2679 513 2753 uipra
535 2680 676 2738 tolluntur
698 2680 824 2749 bareca,
850 2682 911 2737 tum
929 2680 1026 2738 souitu
1044 2679 1189 2753 Proebpla
1208 2678 1269 2736 atta
1281 2683 1331 2732 715

247 2766 346 2827 bonit
380 2766 544 2843 deumque
580 2769 672 2827 cubita
703 2768 838 2826 Inarime
869 2768 951 2826 Iov-ts
987 2769 1118 2840 imperiis
1153 2769 1270 2841 deposta

208 2870 233 2915 a
249 2854 400 2933 fflbooo:
421 2857 505 2916 ouius
528 2857 609 2933 pilae
632 2876 704 2917 casu
726 2856 824 2915 multa
847 2856 907 2915 alia
930 2859 1127 2916 contremunt.

319 2944 383 3005 He'e
399 2946 490 3005 Mars
513 2947 690 3018 armipotens
714 2948 830 3004 animos
852 2947 980 3019 virisque
997 2946 1118 3004 Latinis
1142 2945 1270 3004 addidit:

248 3032 346 3093 anni
368 3032 484 3095 factum
506 3035 611 3094 ceteris
635 3035 764 3093 audendi
787 3035 927 3094 fiduciam
950 3034 1040 3094 dedit
1086 3040 1111 3092 et
1137 3035 1270 3092 stimulos

248 3124 329 3185 uois
351 3124 406 3183 eceb
426 3128 540 3197 pectore
562 3125 660 3182 uertit:
684 3127 714 3182 et
737 3125 826 3201 quasi
850 3123 1027 3200 quibusdam
1052 3124 1181 3182 stimulis
1204 3144 1269 3182 rur-

248 3228 317 3273 sum
336 3212 369 3273 in
392 3211 466 3271 belli
487 3215 636 3272 certamen
660 3213 804 3272 accendit.
840 3214 1006 3285 tumis-itque
1026 3214 1130 3286 fuparu
1149 3213 1269 3271 Teucris

208 3314 233 3359 η
248 3304 404 3375 mmpue
425 3302 570 3361 timorem:
600 3305 704 3362 contra
734 3303 873 3361 Troianis
902 3301 1005 3361 iniecit
1034 3305 1147 3360 metum
1177 3304 1207 3361 et
1234 3321 1269 3360 ex

318 3505 815 3579 dposeetVed.cf.Ip.80n.19.
876 3506 1105 3562 baitVeated.
1166 3512 1269 3562 suou-

246 3578 382 3637 dsm-'l
396 3578 517 3635 menbra
535 3595 589 3634 om.
604 3580 647 3634 ed.
699 3586 731 3633 11
746 3580 866 3634 sonitum
880 3579 923 3633 ed.
979 3584 1011 3632 12
1032 3580 1123 3647 quatis
1139 3580 1270 3647 protelis

247 3650 292 3707 ed.
365 3654 400 3705 1⁸
422 3651 532 3705 metuat
549 3657 637 3719 pouto
655 3651 698 3705 ed.
773 3654 805 3702 17
829 3652 986 3705 volvebatur
1004 3650 1047 3704 ed.
1122 3655 1154 3703 18
1175 3651 1269 3704 multis

246 3728 273 3779 et
285 3736 341 3778 orn.
355 3720 400 3777 ed.
425 3722 429 3791 l
454 3722 651 3777 admixtiouem
665 3721 691 3775 V
705 3739 774 3776 corr.
790 3720 833 3774 ed.
890 3728 923 3775 22
933 3724 1077 3790 potueriat
1090 3720 1114 3772 V
1124 3722 1270 3790 posuerint

245 3808 298 3849 non
320 3792 431 3863 Mat
454 3792 498 3847 ed.
572 3798 605 3846 28
631 3794 727 3863 uiprae
752 3793 919 3848 attolleretur
942 3794 1061 3847 bareuae
1084 3791 1167 3862 Verg.
1194 3791 1267 3846 libri.

245 3868 282 3921 16
298 3864 382 3921 ardu
399 3878 453 3919 om.
467 3864 560 3932 iuquit
572 3866 640 3932 post
651 3866 732 3933 pilae
744 3863 879 3936 interpol.
894 3864 940 3922 ed.
963 3865 972 3940 l
996 3871 1223 3923 contremueuuu
1234 3863 1284 3918 et.

243 3934 520 4001 ”mmcd
595 3940 632 3989 28
649 3939 715 3994 aeri
731 3937 778 3997 ed.
