3142 4375
548 498 552 507 .
656 454 906 511 innnmosvu
1225 458 1287 524 101

341 619 385 682 Ae
409 623 583 696 Messapus,
614 627 730 696 equuus*
745 622 878 692 domitor,
909 623 1063 697 Nepuuu
1085 624 1199 696 proles:
1233 643 1289 684 uec

268 711 374 771 deerat
406 713 498 772 etiam
527 712 683 788 Messapus
716 711 873 771 domandis
905 714 990 789 equis
1022 713 1213 772 vehementer
1243 714 1288 772 in-

269 800 392 876 sistens,
414 800 495 860 idem
512 801 592 863 filius
611 802 755 877 Neptuni.
795 818 879 873 quem
896 819 988 875 neque
1004 803 1055 875 fus
1072 803 1136 876 iqui
1154 804 1291 875 uupuum

268 907 323 950 uee
350 893 479 950 sternere
506 891 600 965 ferro:
630 891 722 965 huno,
753 889 834 967 quod
863 893 941 950 esset
968 910 1004 949 ex
1031 890 1135 950 eodem
1162 891 1291 970 genitus,

236 996 250 1036 s
268 979 371 1039 nullus
390 982 510 1056 poterat
527 980 593 1059 igni
605 981 654 1041 vel
673 980 750 1039 ferro
770 998 951 1039 consumere.
978 980 1168 1053 iampridem
1180 981 1291 1039 resides

265 1068 393 1143 populus
426 1069 600 1143 desuetaque
631 1069 703 1129 bello
735 1070 857 1143 epmiuu
887 1069 921 1127 iu
956 1086 1044 1127 armo
1078 1072 1162 1128 uocat
1196 1070 1291 1129 subito

268 1156 456 1234 [ferusuuque
477 1156 647 1233 retraetutJ:
667 1156 748 1217 idem
766 1157 894 1217 ducebat
916 1176 1024 1235 agmen
1041 1158 1198 1217 hominum
1216 1176 1291 1235 quos

270 1246 437 1307 desuetudo
461 1251 635 1323 corruperat
658 1264 693 1306 ac
715 1266 770 1323 per
787 1247 844 1306 hoc
861 1265 922 1306 non
940 1246 1083 1307 volebant
1100 1246 1174 1305 belli
1191 1246 1291 1307 subire

268 1337 434 1412 certamen,
451 1337 500 1397 vel
516 1338 645 1396 maxime
662 1335 828 1413 repentinis
845 1335 977 1396 motibus
996 1336 1174 1410 excitatum,
1197 1355 1291 1413 usquc

223 1441 250 1483 rc
268 1423 345 1485 adeo
378 1424 530 1503 trepidum
562 1444 682 1504 agmen,
713 1430 748 1486 ut
780 1426 892 1484 sermm
926 1424 1102 1485 formidaret
1133 1427 1291 1504 attingere.

267 1513 301 1574 lu‘
313 1514 516 1574 Feseeuue'uus
538 1516 616 1574 acies
635 1531 797 1589 aequusque
813 1514 962 1583 Faliscos,
986 1514 1017 1573 iu'
1034 1514 1165 1573 Soractis
1185 1514 1352 1575 habeutsssc

267 1619 354 1663 orces
375 1603 574 1675 Meuiuiuque
597 1621 673 1664 aruo
695 1607 722 1662 et
740 1602 851 1663 Cimini
873 1620 940 1661 eum
961 1606 1056 1662 moute
1078 1603 1176 1662 laeum
1200 1605 1291 1663 lucos·

269 1708 327 1765 pue
354 1690 502 1766 Cupeuos:
533 1692 610 1753 dixit
638 1694 705 1752 loca
735 1711 771 1751 ex
801 1692 909 1768 quibus
940 1690 1051 1751 diversi
1082 1696 1290 1753 convenerant.

267 1781 355 1841 itaut
376 1783 494 1854 aequate
514 1799 636 1841 uumero
658 1798 809 1855 regemque
827 1781 985 1841 cauebant:
1007 1779 1199 1857 reprehendit
1215 1781 1291 1841 istos

222 1883 249 1926 rs
267 1872 374 1947 poete,
398 1871 483 1947 quia,
505 1889 573 1929 cnm
599 1872 678 1930 irent
700 1869 740 1928 ad
760 1869 884 1945 bellum,
907 1871 1012 1947 procul
1036 1869 1127 1929 dubio
1150 1871 1291 1945 periculis

267 1978 372 2019 rerum
395 1961 545 2036 expositos
569 1959 737 2019 delectabat
758 1959 803 2018 irs
826 1959 990 2035 conpositis
1017 1958 1050 2018 in
1077 1957 1214 2019 ordinem
1236 1980 1291 2018 nu·

267 2048 363 2109 meris
382 2052 413 2107 et
429 2048 508 2127 regis
527 2050 604 2109 festa
621 2068 803 2125 percurrere.
838 2066 890 2107 ceu
908 2049 1056 2122 quondum
1076 2049 1157 2108 uiuet
1178 2049 1292 2121 liquido

266 2138 349 2198 iuter
361 2138 466 2198 nubilo
484 2139 580 2213 cypui,
599 2156 665 2198 suu
678 2155 740 2198 sese
754 2156 769 2198 e
780 2141 871 2213 postu
883 2140 1016 2212 referunt
1029 2142 1055 2198 et
1068 2138 1156 2214 leupo
1169 2156 1292 2199 canoros
1302 2149 1352 2200 τοο

268 2227 346 2288 duur
367 2244 423 2300 per
450 2228 524 2287 celtu
549 2228 662 2297 modos,
693 2232 779 2287 souut
806 2227 904 2287 amuis
934 2230 961 2286 et
989 2228 1067 2287 Asia
1095 2229 1177 2303 louge
1199 2229 1292 2304 pulsu

224 2330 252 2372 rc
263 2315 375 2391 putus:
400 2317 455 2376 hos
478 2318 628 2377 cantantis
651 2320 682 2376 ct
705 2316 858 2376 ordinibus
882 2315 1045 2392 conpositis
1068 2316 1101 2375 in
1123 2317 1204 2377 bella
1226 2321 1290 2376 ten-

269 2403 369 2465 dentis
393 2408 538 2482 conparat
564 2409 655 2482 poeta
682 2405 783 2483 generi
808 2405 910 2464 avium
933 2423 1011 2481 quae
1035 2408 1105 2465 sunt
1126 2405 1237 2466 inertes
1262 2409 1292 2466 et

268 2512 332 2555 non
361 2495 503 2554 confusae
532 2495 663 2555 volitant
692 2497 735 2570 et,
763 2495 901 2570 quotiens
928 2496 1016 2569 posto
1044 2496 1147 2554 ventre
1171 2496 1291 2570 inerint,

269 2583 445 2644 satietatem
467 2602 552 2642 suam
575 2602 702 2643 canorae
719 2582 801 2643 vocis
825 2583 1027 2662 mutilatione
1046 2586 1206 2646 testantur.
1239 2602 1293 2644 uec

269 2673 427 2747 pruisquam
445 2676 563 2732 uerutus
578 2674 654 2732 uu'es
669 2690 703 2732 ex
716 2674 832 2747 upuiue
846 2676 925 2731 tauto
938 2673 1055 2732 misceri
1068 2677 1159 2746 putei,
1179 2673 1292 2732 aerium

226 2774 253 2817 ro
268 2761 323 2822 sed
347 2762 462 2837 gurgite
488 2763 525 2821 ub
554 2762 612 2821 utto
639 2763 738 2836 urgeri
764 2762 916 2821 uolucrum
944 2779 1106 2821 raucorum
1136 2762 1176 2821 od
1206 2762 1353 2824 literatos

268 2851 393 2912 nubem:
420 2871 481 2911 non
508 2850 679 2910 invenietur
707 2850 760 2926 qui
787 2853 874 2926 putet
895 2850 984 2909 illum
1011 2850 1113 2910 avium
1135 2870 1293 2909 nnmerum

268 2940 376 3017 aliqua
404 2958 491 3016 posse
517 2941 635 2999 ratione
659 2940 816 3014 confundi,
845 2958 912 2998 cum
935 2938 1034 2999 tendit
1057 2939 1096 2998 ad
1118 2939 1221 3015 litora3
1249 2939 1292 3022 sic

270 3028 353 3089 enim
375 3029 572 3107 conglobatae
595 3028 724 3088 tendunt
745 3031 780 3088 ut
802 3029 906 3087 nubes.

270 3172 272 3177 .
342 3117 420 3178 Eece
443 3118 623 3177 Subiucruue
647 3119 747 3192 prisco
776 3118 812 3177 de
843 3117 987 3192 suupuiue
1017 3134 1159 3191 mupuuuu
1188 3135 1292 3192 opmeu

224 3220 253 3263 sc
269 3223 363 3282 opens
387 3205 515 3266 OEuusus
536 3208 693 3282 ruupuc'que
714 3209 777 3281 ipse
805 3208 932 3282 upmiuis
958 3207 1070 3265 tuctur:
1096 3206 1235 3267 veniebat
1262 3211 1293 3268 et

344 3346 359 3394 1
383 3357 511 3410 mesapus
529 3340 562 3395 V.
636 3347 651 3394 3
675 3344 739 3410 post
761 3342 891 3396 iusisteus
913 3341 1016 3395 lemma
1039 3341 1184 3410 Neptuuia
1201 3343 1292 3411 proles

269 3411 403 3481 interpol.
427 3411 497 3466 edF.
529 3412 532 3485 t
562 3411 677 3467 ideuV
699 3413 731 3467 e'd
753 3419 794 3468 est
815 3410 902 3466 HOU
924 3413 967 3466 ed.
1033 3417 1047 3465 7
1071 3413 1227 3482 ferrumque
1249 3430 1292 3469 re-

270 3489 375 3541 tractet
397 3483 476 3538 deest
498 3484 528 3537 in
548 3482 575 3538 V
598 3483 662 3538 add.
684 3483 741 3538 ed:
770 3500 805 3537 ex
829 3483 1063 3552 interpretatione
1085 3484 1227 3537 Donatum
1251 3501 1292 3539 re·

268 3560 395 3612 uariunt
409 3554 513 3624 legisse
527 3555 665 3623 suspicor,
681 3555 756 3622 quod
766 3554 908 3624 Wagnero
924 3557 1038 3609 auctore
1052 3555 1197 3609 Leidensis
1207 3554 1291 3625 Verg.

269 3624 360 3682 habet
378 3625 424 3695 (cf.
444 3631 487 3691 10,
502 3629 575 3695 396).
642 3631 676 3679 15
693 3627 826 3694 periculis
843 3643 935 3681 rerum
953 3633 979 3681 et
996 3628 1160 3695 compositus
1177 3627 1291 3681 delectu·

269 3699 320 3755 car
332 3696 360 3753 V
376 3698 409 3752 iu
424 3698 556 3766 periculis
574 3716 596 3753 r.
612 3697 663 3752 det.
679 3697 721 3751 ed.
737 3714 767 3766 p.
782 3716 805 3753 r.
819 3700 953 3766 expositos
966 3697 992 3751 d.
1007 3714 1068 3752 nos.
1129 3703 1164 3750 tc
1184 3697 1296 3763 temni

269 3770 349 3838 fastu
362 3768 425 3893 ed.V
457 3769 641 3824 18eom.cd.
692 3774 726 3822 22
740 3768 1018 3841 pustonieuoed.
1071 3763 1329 3828 ‘itmiscerem

270 3856 381 3897 aereum
423 3881 430 3893 ,
