3142 4375
667 479 896 537 maumonii
1226 481 1292 550 365

270 650 395 720 ursuse
417 649 502 710 noa
523 667 588 710 eun
606 649 736 723 sumena
754 652 856 709 aenea
877 653 917 708 oe
933 650 1062 723 paruus
1084 631 1221 724 irrepere
1242 649 1293 709 aa

264 739 347 814 peis,
366 742 407 798 tet
422 739 575 815 attigeret
592 755 688 799 enses:
709 757 824 798 morem
841 756 931 798 snum
946 736 1039 798 etiam
1051 738 1109 799 hoe
1121 739 1188 799 loeo
1202 740 1293 815 poeta

270 828 415 904 servavit,
444 831 480 889 nt
503 827 583 906 quod
609 826 783 889 incredibile
805 827 905 888 fuerat
931 830 962 887 et
983 827 1156 888 fabulosum
1177 846 1238 886 non
1261 846 1292 887 se

269 915 420 994 proferret
432 920 563 978 enotare.
595 918 703 994 qualis,
717 917 827 994 inquit,
839 916 982 995 Aegaeon
1000 916 1092 978 luisse
1110 916 1293 994 perhibetur,

237 1024 361 1083 aquom
388 1004 493 1067 dieunt
522 1008 641 1070 eentum
664 1006 788 1067 brachia
809 1005 949 1065 habuisse
978 1010 1008 1067 et
1029 1006 1157 1067 totidem
1185 1024 1292 1066 manus

270 1088 459 1177 (brachiaet
479 1114 587 1156 manus
609 1114 669 1155 non
691 1115 786 1154 unum
805 1098 897 1171 atque
913 1094 995 1155 idem
1013 1096 1199 1174 significant3
1221 1115 1293 1156 nam

269 1183 394 1246 braohia
412 1184 479 1245 vult
496 1203 560 1246 esse
578 1184 616 1245 ab
638 1185 749 1245 umeris
763 1202 860 1262 usqne
883 1183 922 1244 ad
940 1203 1007 1244 eam
1025 1187 1141 1262 partem
1164 1204 1241 1262 quae
1259 1185 1292 1243 in

270 1272 384 1353 digitos
407 1272 567 1349 dividitur,
593 1293 700 1336 manus
727 1292 799 1335 vero
823 1274 934 1353 digitos
957 1269 1067 1354 ipsos),
1096 1291 1149 1333 ora
1172 1293 1291 1351 quoque

270 1360 507 1443 quinquaginta,
538 1363 674 1423 omnibus
702 1363 827 1424 solitum
853 1363 993 1424 incendia
1019 1364 1151 1439 mittere,
1185 1364 1292 1424 arsisse

226 1471 253 1512 ro
271 1453 374 1513 anum
389 1452 611 1531 quinquaginta
628 1452 799 1530 pectoribus
817 1452 899 1514 Iovis
917 1451 1077 1527 incendiis,
1099 1470 1168 1511 oum
1187 1454 1292 1511 eontra

271 1540 463 1602 eontenderet
490 1542 711 1619 quinquaginta
738 1542 849 1620 gladiis
882 1544 912 1601 et
940 1542 1032 1602 sentis
1050 1540 1290 1619 quinquaginta.

271 1628 377 1691 dieunt
399 1630 558 1691 adomnia
579 1632 723 1708 pertinet,
745 1629 871 1707 proinde
889 1648 950 1690 non
972 1631 1063 1690 semel
1086 1628 1292 1707 accipiendum

271 1721 331 1796 eat,
347 1720 385 1779 ut
401 1719 454 1781 sit:
471 1720 613 1799 Aegaeon
629 1718 742 1797 qualis,
755 1722 878 1779 eentum
895 1721 945 1779 oui
962 1718 1084 1779 brachia
1102 1718 1207 1779 dieunt
1225 1736 1291 1777 een·

269 1811 416 1886 unusque
438 1828 546 1870 manus
566 1809 680 1883 dieunt,
704 1807 927 1887 quinquaginta
945 1808 1046 1868 oribus
1064 1806 1165 1887 ignem
1188 1808 1292 1867 dieunt

227 1915 253 1957 a
270 1896 501 1976 peetoribusque
535 1899 643 1959 arsisse
671 1897 788 1974 dieunt,
815 1901 863 1958 tot
889 1898 1013 1975 paribus
1041 1896 1144 1975 elipeis
1168 1896 1290 1976 gladiis·

272 2005 330 2064 qne
357 1989 462 2048 eontra
485 1987 566 2048 Iovis
594 1988 722 2047 fulmina
745 1989 873 2047 eertasm
893 1986 1004 2047 dieunt.
1036 1988 1156 2047 ateleto
1173 1984 1291 2045 Aeaeos

270 2075 401 2136 desueuit
416 2077 450 2136 ia
470 2093 593 2151 aequore
610 2077 713 2145 vator,
729 2082 763 2135 ut
779 2077 867 2135 seruet
884 2078 1008 2151 intepuit
1019 2094 1134 2135 moero:
1152 2076 1353 2157 conpletauto

271 2168 318 2227 est
340 2164 485 2243 parabola
503 2184 557 2242 per
569 2165 689 2225 Aeneae
712 2183 884 2242 personam,
908 2166 979 2226 dum
998 2165 1072 2226 dieit
1099 2187 1167 2226 eum
1194 2165 1237 2226 sio
1258 2163 1291 2223 in

270 2255 373 2316 hostes
391 2256 521 2317 saevisse
535 2274 588 2332 per
606 2273 727 2333 eampos
746 2259 776 2315 et
793 2255 826 2314 in
841 2257 929 2315 tanta
945 2255 1139 2316 multitudine
1157 2254 1291 2314 extitisse

228 2361 254 2402 ao
271 2345 430 2421 viatorem,
449 2345 537 2421 quasi
553 2344 707 2404 habuisset
725 2347 845 2404 eentum
858 2345 980 2404 brachia
996 2347 1027 2405 et
1041 2364 1149 2405 manus
1164 2347 1292 2418 ceum,

271 2431 390 2512 gladios
414 2432 635 2512 quinquaginta
654 2436 685 2493 et
706 2436 792 2494 seute
813 2435 1032 2512 quinquaginta
1056 2438 1087 2493 et
1108 2435 1209 2513 ignem
1233 2450 1291 2510 quo

273 2525 397 2583 auuotos
423 2523 606 2599 incenderet3
629 2525 750 2582 tantum
773 2526 873 2583 autem
896 2540 1051 2582 caesorum
1074 2522 1210 2583 adseruit
1236 2542 1291 2580 nn·

271 2630 387 2672 merum
401 2612 554 2687 cecidisse,
575 2615 611 2674 ut
626 2613 746 2692 gladius
764 2614 828 2675 eius
847 2613 1002 2690 sauguinis
1020 2613 1118 2671 ealore
1137 2612 1291 2689 tepuisset.

271 2701 345 2777 φάη
367 2717 428 2761 eece
445 2702 576 2777 Niphaei
595 2703 780 2777 quadriiugis
797 2704 831 2761 io
848 2719 934 2777 equos
957 2701 1137 2776 aduersaque
1156 2700 1292 2760 Reeetio

227 2808 254 2851 aa
272 2790 378 2850 auat:
400 2791 432 2850 in
451 2810 543 2868 equos
561 2791 692 2868 Niphaei
711 2791 837 2852 adversa
853 2789 951 2850 tendit
965 2791 1102 2865 brachia,
1125 2791 1239 2849 seilicet
1256 2790 1292 2847 ut

271 2879 353 2940 huno
375 2898 444 2939 oum
467 2881 550 2956 equis
575 2881 736 2958 adpeteret.
782 2885 867 2955 utque
888 2880 934 2939 itit
956 2880 1038 2954 louge
1058 2879 1239 2954 gredientem
1267 2881 1293 2936 et

272 2968 342 3029 diro
357 2971 526 3043 frementem
544 2973 578 3028 ut
593 2970 704 3040 uidere,
724 2975 803 3029 metu
819 2970 896 3029 uersi
915 2973 1046 3044 retroque
1065 2972 1181 3029 ruentes
1199 2968 1292 3040 efferr-

272 3056 401 3133 aeque
423 3058 524 3117 decem
546 3059 723 3133 rupiumque
750 3059 791 3119 od
818 3060 903 3118 litore
926 3076 1046 3118 eureus:
1073 3058 1156 3134 equi,
1182 3055 1291 3133 inquit,

271 3148 308 3206 ut
327 3145 451 3207 Aenean
474 3147 615 3208 uiderunt
637 3148 680 3208 sie
701 3148 890 3222 frementem,
911 3149 946 3206 ut
969 3146 1044 3205 nihil
1066 3147 1095 3206 ei
1116 3148 1218 3224 posset
1241 3144 1291 3204 ob·

226 3253 255 3295 aa
272 3236 369 3312 stare,
397 3237 533 3313 quamvis
561 3239 660 3296 esseut
685 3238 771 3296 muta
790 3235 945 3310 animalia,
968 3235 1057 3314 longe
1080 3236 1293 3295 intellexerunt

345 3441 517 3512 tquedVR
539 3443 599 3496 etos
616 3441 688 3510 quod
710 3441 754 3495 ed.
827 3447 844 3495 4
867 3447 1003 3496 duetorem
1024 3442 1067 3495 ed.
1096 3442 1100 3512 l
1129 3457 1213 3496 aeeon
1231 3439 1290 3494 VR.

272 3518 290 3568 6
315 3519 397 3583 utque
421 3514 494 3568 idem
513 3511 565 3566 VR
589 3512 711 3580 idemque
736 3512 780 3567 ed.
861 3518 875 3565 ‘1
900 3513 1020 3568 humata
1039 3512 1092 3566 VR
1116 3512 1291 3582 (plerumque

270 3586 379 3654 maere).
453 3589 469 3637 9
492 3584 617 3639 omuibus
635 3583 686 3636 VR
709 3600 743 3638 oe
762 3599 797 3638 ex
814 3599 837 3637 o.
857 3583 900 3636 ed.
975 3589 1007 3637 12
1031 3583 1128 3640 diomet
1145 3583 1197 3637 VR
1219 3583 1291 3652 qaod

269 3655 347 3712 dixit
371 3672 435 3710 eum
459 3671 546 3724 prava
571 3654 752 3710 distinctione
778 3655 821 3708 ed.
900 3659 933 3708 13
956 3670 1018 3709 erem
1038 3654 1090 3708 VR
1115 3657 1210 3724 (supra
1234 3655 1290 3722 eree)

270 3727 320 3783 east
336 3745 359 3782 r.
415 3730 448 3780 15
466 3732 505 3782 tot
518 3725 570 3780 VR
587 3732 668 3795 atque
685 3732 704 3782 t.
725 3726 768 3780 ed.
824 3730 858 3780 18
872 3726 1014 3794 peretulo
1027 3725 1079 3779 VR
1098 3727 1140 3794 (ut
1158 3725 1288 3794 solenti?

271 3814 360 3855 aeneo
372 3796 406 3852 V.
461 3803 496 3851 a4
514 3797 627 3854 Raetia
640 3796 691 3851 VR
710 3799 753 3852 ed.
770 3804 886 3868 pectora¹
894 3795 979 3865 Verg.
993 3795 1072 3863 libri,
1087 3813 1138 3866 que
1151 3795 1293 3865 quomodo

270 3868 344 3925 Don.
364 3868 485 3938 explicet
504 3867 651 3923 obscurum
672 3871 722 3925 est.
797 3874 832 3925 26
851 3874 877 3926 et
895 3869 962 3926 dira
971 3867 1031 3924 VR
1048 3874 1075 3925 et
1093 3884 1153 3924 oin.
1165 3867 1215 3921 ed.
