3142 4375
645 479 829 534 AENEIDOS
844 479 909 533 VIII
1227 483 1291 547 123

269 651 425 716 secantem,
450 649 600 707 caeruleas
624 649 758 723 Ibabre’a
782 648 860 708 caelo
882 648 1070 722 gratisse'mas
1093 649 1198 707 amaa.
1231 667 1292 706 non

270 735 451 813 adroganter
473 736 576 815 tetigit
597 738 701 797 laudes
721 756 800 810 suas,
818 736 870 796 sed
889 738 1066 812 necessarie3
1090 737 1195 796 debuit
1213 737 1291 796 enim

269 825 387 884 Aeneas
400 825 568 885 multifario
583 827 671 887 modo
687 828 754 904 quis
768 826 820 885 ille
835 831 913 886 esset
932 826 1125 885 consiliorum
1142 825 1291 885 bonorum

269 915 526 974 commodissimus
550 915 771 976 demonstrator
794 916 947 975 evidenter
970 916 1137 990 attendere,
1165 918 1200 974 ut
1222 935 1290 975 oon-

238 1002 400 1063 ssiderato
418 1006 572 1064 tantorum
592 1009 713 1065 auctore
733 1005 883 1064 dictorum
905 1005 1010 1064 fideret
1032 1023 1103 1065 vera
1127 1023 1190 1063 osse
1213 1024 1291 1080 quae

269 1092 387 1151 viderat
405 1095 496 1168 atque
520 1094 643 1154 auribus
667 1098 844 1172 sumpserat.
876 1095 923 1153 la'c
945 1095 1151 1167 achimaeae
1174 1094 1334 1153 domasset

268 1181 317 1241 bio
346 1181 403 1254 ait,
431 1200 610 1259 commoror,
638 1184 686 1244 blo
714 1184 899 1244 domicilium
927 1184 1036 1257 habeo,
1063 1184 1112 1241 hio
1140 1183 1216 1241 dixit
1238 1182 1292 1241 ubi

268 1270 459 1347 loquebatur.
511 1273 595 1331 celsis
621 1279 709 1347 capet
735 1275 860 1332 urbibus
890 1274 961 1331 caet:
990 1271 1149 1350 originem,
1181 1273 1291 1349 iuquit,

269 1378 339 1421 vero
364 1362 395 1417 et
418 1363 511 1436 eaput
532 1361 612 1421 inter
635 1364 765 1422 excelsas
789 1362 872 1421 urbis
895 1362 998 1420 habeo.

224 1464 251 1505 ro
339 1450 438 1518 Drica,
463 1450 567 1509 deiude
590 1452 657 1510 laea
680 1454 790 1523 flavias
813 1469 844 1510 se
867 1451 996 1510 coadide't
1018 1450 1076 1509 alto
1098 1451 1161 1508 lma
1173 1455 1291 1523 pateas:

268 1537 358 1597 rediit
385 1538 424 1596 ad
449 1539 550 1597 sedem
576 1540 731 1616 propriam
758 1560 905 1617 aquarum
933 1539 1083 1615 profimdo
1111 1538 1291 1613 submersus,

269 1646 336 1689 cum
359 1646 394 1685 ea
412 1628 579 1702 conplesset
597 1650 674 1705 quae
693 1631 868 1689 instruendo
887 1631 951 1688 viro
970 1630 1093 1687 bierunt
1114 1629 1290 1687 necessaria.

268 1734 326 1800 aaa
343 1713 469 1775 Aeaeae
491 1735 665 1791 somnusque
687 1720 818 1792 reliquit:
840 1719 917 1777 nihil
940 1717 1064 1777 eelerius
1088 1717 1148 1776 dici
1171 1717 1219 1778 vel
1242 1718 1290 1775 de-

269 1805 359 1865 scribi
387 1805 501 1882 potuit,
530 1810 566 1866 ut
594 1807 717 1867 Aenean
746 1810 988 1885 expergefactum
1018 1811 1048 1866 et
1076 1810 1195 1866 noctem
1221 1825 1289 1865 cou-

223 1908 250 1949 m
269 1898 422 1971 sumptam
453 1914 516 1954 esse
552 1900 734 1956 monstraret
769 1900 949 1974 tantumque
986 1897 1110 1956 Aenean
1146 1897 1289 1954 dormisse

269 1988 417 2062 quantum
441 1985 490 2043 dei
513 1987 738 2045 commonitioni
761 1987 884 2045 suffecit.
929 1986 1031 2063 potuIt
1058 1986 1138 2045 enim
1164 1984 1229 2043 fieri
1256 1987 1291 2043 ut

269 2077 338 2133 ante
361 2074 458 2132 lucem
480 2076 580 2133 media
603 2079 690 2135 noete
713 2076 878 2153 vigilasset.
923 2075 1055 2134 reddidit
1082 2076 1172 2151 poeta
1194 2074 1289 2133 totius

268 2162 364 2223 noetis
383 2163 545 2224 rationem:
564 2163 595 2223 in
614 2165 712 2241 prima
730 2168 817 2242 parte
836 2165 977 2243 vigilavit
990 2164 1108 2225 Aeneas
1127 2166 1289 2240 occupatus

269 2254 347 2313 curis
370 2254 553 2331 ingentibus,
572 2254 679 2314 dehinc
701 2257 855 2315 transacto
879 2274 939 2313 non
961 2274 1055 2330 parvo
1075 2255 1174 2331 spatio
1193 2254 1289 2313 noetis

223 2355 251 2394 so
270 2340 402 2401 eiusdem
438 2343 561 2402 dormiit
597 2345 773 2404 necessitate
810 2345 944 2402 naturali
980 2344 1149 2419 conpulsus.
1210 2343 1291 2418 quod

268 2428 368 2503 ipsum
397 2432 516 2491 videtur
546 2452 606 2492 non
637 2434 700 2493 siue
730 2433 852 2492 numine
882 2435 1087 2508 procuratum,
1117 2435 1153 2490 ut
1181 2433 1289 2492 divium

269 2517 420 2578 adfatibus
447 2521 559 2581 instrui
580 2526 682 2598 posset
705 2526 735 2582 et
756 2524 819 2581 iam
842 2523 974 2581 securior
995 2522 1089 2581 reddi.
1135 2522 1181 2580 fas
1210 2521 1290 2579 enim

269 2627 328 2666 non
360 2607 421 2665 fuit
451 2613 486 2668 ut
516 2631 583 2670 eum
611 2613 756 2690 vigilante
781 2613 852 2671 deus
875 2613 1055 2687 loqueretur.
1102 2609 1173 2668 dum
1194 2611 1291 2688 igitur

268 2697 361 2755 tantis
391 2697 479 2756 rebus
509 2701 682 2776 instruam,
712 2704 811 2761 totum
834 2701 929 2760 noctis
957 2703 1075 2775 tempus
1099 2699 1214 2758 effluxit
1235 2719 1290 2758 uec

222 2797 250 2839 aa
268 2789 421 2844 transacta
440 2790 485 2845 est
502 2788 651 2866 horaque
669 2792 779 2849 Iunoni
796 2791 896 2849 iussus
915 2790 1015 2848 fuerat
1028 2791 1099 2849 vota
1113 2788 1290 2864 persolvere.

268 2876 362 2948 serait
389 2879 414 2932 et
438 2877 558 2935 aetherii
584 2885 718 2951 spectares
746 2881 871 2939 orientia
897 2881 968 2937 sotis
996 2879 1110 2937 lamiae
1132 2879 1186 2935 rite
1209 2879 1290 2936 eaets

267 2964 381 3022 audam
399 2964 434 3022 de
452 2966 573 3035 flamine
585 2970 699 3039 aalma
712 2971 836 3028 sustinet
850 2986 885 3027 ae
898 2969 967 3027 talis
982 2968 1106 3041 effendit
1119 2967 1159 3026 ad
1173 2966 1290 3026 aethera
1300 2972 1333 3020 το

267 3070 366 3111 voees:
390 3053 532 3129 quoniam
556 3061 732 3134 consumpta
751 3059 851 3117 fuerat
869 3077 936 3133 nox,
955 3057 1085 3116 smrexit
1103 3058 1134 3114 et
1152 3058 1288 3131 spectans

268 3144 369 3200 ortum
395 3143 497 3219 ipsum
524 3144 608 3218 solis,
632 3146 687 3205 hoo
715 3150 761 3207 est
788 3149 922 3222 intuens,
945 3149 1094 3205 recentem
1117 3146 1230 3204 undam
1253 3144 1289 3204 de

220 3243 249 3284 aa
267 3231 389 3290 flumine
413 3231 509 3307 ipsius
529 3234 656 3293 fautoris
680 3237 740 3311 sui,
762 3236 902 3295 manibus
921 3237 1046 3295 sustulit
1064 3238 1094 3294 et
1112 3237 1184 3294 talis
1202 3253 1288 3294 voces

341 3373 354 3419 1
380 3367 498 3423 cerateas
515 3367 549 3421 V.
623 3374 638 3421 2
662 3369 812 3438 adrogaate
828 3369 854 3422 V
875 3387 944 3424 corr.
964 3370 1007 3424 ed.
1039 3369 1042 3440 l
1076 3371 1245 3424 necessariae
1263 3368 1289 3422 V

266 3438 327 3491 -re'o
346 3438 389 3491 ed.
464 3444 479 3491 6
502 3440 610 3494 cederat
624 3439 651 3493 V
671 3441 818 3495 audieerat
836 3441 879 3495 ed.
910 3441 913 3513 l
943 3447 1049 3495 sasaat
1062 3440 1088 3493 V
1105 3447 1227 3495 seaserat
1244 3440 1289 3496 ed.

267 3507 304 3562 ef.
325 3514 349 3575 7,
364 3514 424 3563 505.
494 3511 630 3567 aceroV
648 3512 706 3578 fero
726 3512 769 3566 ed.
799 3512 801 3582 l
829 3514 914 3566 celsas
933 3513 977 3567 ed.
1042 3518 1075 3565 12
1095 3513 1133 3566 ad
1149 3513 1289 3566 instruea-

266 3579 334 3634 dam
352 3583 442 3635 ciram
461 3583 504 3636 ed.
575 3589 607 3637 16
626 3583 771 3651 suffieitV
788 3583 914 3650 sufficere
927 3585 1022 3652 potuit
1040 3583 1082 3636 ed.
1155 3589 1188 3636 22
1207 3584 1289 3650 affee-

266 3651 341 3705 te‘bas
359 3651 384 3704 V
405 3652 448 3706 ed.
475 3654 619 3720 adfatibus
643 3671 694 3708 nos
720 3653 754 3709 cf.
777 3659 820 3708 35.
851 3654 854 3724 i
884 3661 941 3709 tam
962 3654 987 3706 V
1009 3657 1067 3708 iam
1092 3671 1143 3708 nos
1169 3671 1222 3708 om.
1244 3654 1288 3709 ed.

267 3727 303 3776 24
321 3724 436 3778 instruit
453 3725 496 3779 ed.
523 3726 526 3798 t
554 3732 642 3780 tutam
656 3725 689 3779 V.
763 3730 797 3779 25
816 3727 918 3780 iwaoue
931 3725 964 3780 V.
1041 3731 1075 3780 26
1096 3727 1189 3794 surgit
1207 3727 1302 3800 ‹ieteba-⁸

264 3795 319 3850 riis
332 3793 365 3848 V.
428 3801 461 3848 27
481 3797 514 3851 de
533 3814 587 3850 om.
602 3797 646 3851 ed.
667 3797 672 3870 l
692 3797 1017 3868 sastiaet—effaaditV
1041 3790 1324 3856 esaeiae-elisit

266 3865 311 3920 ed.
332 3867 376 3934 (ex
392 3865 643 3942 interpretabere).
719 3877 753 3928 29
775 3874 808 3931 de
828 3875 949 3946 {lavatae
967 3890 1029 3928 om.
1043 3870 1095 3926 ed.
