3142 4375
624 487 888 542 Annnmosvnr
1205 491 1267 557 121

240 653 422 734 prolixitate
441 655 642 732 suspenderet.
673 654 808 715 Arcades
830 656 877 715 las
899 658 967 726 oris,
985 674 1078 731 penas
1097 676 1115 716 o
1133 658 1270 717 Pallante

236 745 417 820 profectam,
443 747 493 818 aaa·
514 762 611 820 reuera
633 744 815 804 Euandrum
838 747 960 814 comites,
985 748 1036 819 aaa·
1058 748 1144 821 11911
1170 749 1269 815 secati,

241 834 376 908 11119111
399 834 493 893 lodan
512 838 539 893 et
552 851 679 908 posuere
696 835 729 892 io
746 835 893 893 meotidas
911 837 1021 903 arbem,
1039 836 1187 895 Pallantis
1200 854 1266 910 pro·

241 924 297 984 ovi
321 922 358 982 de
379 924 496 982 nomiae
517 923 714 983 Pallanteum.
746 923 777 981 ra·
800 924 907 982 bellam
930 925 1053 983 adsidue
1076 926 1187 983 111111
1205 938 1313 987 mouet

211 1015 330 1090 111111
352 1011 475 1073 Latiae.
520 1013 572 1071 dos
600 1013 704 1071 eastris
732 1012 837 1071 adhibe
864 1013 956 1071 socios
979 1017 1006 1071 ei
1026 1015 1146 1087 foedera
1168 1015 1271 1088 iaaac:

241 1101 430 1180 promiserat
448 1120 478 1161 se
497 1100 602 1177 paucis
621 1120 684 1161 esse
704 1100 856 1160 dicturum
875 1104 905 1161 et
923 1103 979 1161 hoc
996 1105 1105 1177 tenuit,
1129 1103 1181 1162 sed
1203 1103 1270 1179 ipsa

240 1207 347 1270 pauca
368 1189 466 1250 latum
488 1190 601 1250 habent
622 1190 821 1266 intellectum3
844 1210 915 1249 nam
938 1192 1015 1250 nihil
1038 1192 1073 1250 de
1096 1193 1270 1252 necessariis

239 1279 465 1358 praetermisit,
487 1282 524 1338 ut
546 1279 642 1339 solent
667 1279 783 1339 efficere
807 1282 859 1355 qui
878 1281 1044 1356 conpendio
1062 1282 1185 1340 student
1203 1300 1270 1340 con-

241 1367 349 1430 stricti
366 1368 518 1428 sermonis.
550 1368 626 1428 dixit
644 1368 724 1427 enim
742 1388 846 1447 genus,
860 1387 967 1428 nomen
982 1374 1012 1429 et
1025 1371 1104 1429 unde
1118 1370 1271 1430 videretur

199 1477 224 1520 re
242 1459 456 1535 adsumptum,
487 1478 578 1536 quem
607 1458 703 1518 secuti
731 1461 925 1517 noscerentur
958 1462 988 1517 et
1020 1479 1111 1535 quam
1142 1460 1271 1535 proximi

242 1549 358 1622 essem,
374 1565 412 1606 ne
429 1547 530 1607 taedio
548 1547 668 1606 Aeneae
687 1547 767 1605 foret
783 1547 841 1606 tali
858 1551 991 1622 tempore
1014 1548 1180 1626 longinqua
1202 1568 1270 1625 pro·

242 1636 355 1716 sectio,
382 1636 499 1712 aperuit
526 1636 580 1695 ubi
608 1638 762 1696 civitatem
790 1637 993 1695 condidissent
1019 1639 1049 1695 et
1076 1656 1136 1712 quo
1160 1656 1196 1695 ea
1219 1658 1270 1697 no·

241 1727 328 1786 mine
347 1728 505 1785 vocaretur
523 1728 553 1784 et
570 1726 602 1783 in
621 1726 705 1785 cuius
723 1725 867 1785 honorem
889 1725 951 1784 tale
971 1726 1151 1787 vocabulum
1173 1746 1270 1784 meru·

242 1815 334 1889 isset,
369 1814 528 1890 praevenit
565 1833 635 1874 vero
672 1814 773 1875 omnia
806 1834 882 1890 quae
919 1815 1033 1892 opponi
1068 1835 1084 1873 e
1121 1817 1270 1874 contrario

199 1919 226 1962 11
243 1904 425 1982 potuissent.
482 1904 614 1963 dicturus
639 1905 752 1981 quippe
774 1903 845 1962 inde
868 1924 955 1980 posse
979 1904 1093 1964 auxilia
1115 1903 1270 1981 provenire

244 1991 403 2071 praecepit
416 1991 667 2069 desperationem
681 1995 783 2070 posset
797 1992 876 2051 enim
892 1994 950 2053 dici
964 1994 1102 2053 fortassis
1116 2014 1176 2053 non
1191 1993 1271 2066 dent,

244 2085 340 2160 atque
369 2080 437 2140 ideo
468 2081 545 2140 dixit
574 2082 635 2140 illis
662 2101 887 2158 nonnumquam
917 2102 985 2142 enm
1007 2083 1125 2143 Latinis
1150 2102 1271 2142 causam

244 2171 384 2233 extitisse
415 2171 562 2245 bellandi,
594 2172 630 2229 ut
660 2172 778 2231 Aeneas
810 2171 915 2231 fideret
947 2174 1035 2233 certis
1068 2176 1099 2232 et
1131 2173 1169 2233 ad
1201 2173 1270 2233 illos

244 2263 444 2340 praesumpta
472 2259 638 2320 intentione
669 2262 873 2335 contenderet,
904 2261 1010 2321 debere
1038 2263 1108 2323 illos
1132 2266 1162 2322 et
1184 2281 1271 2338 posse

201 2364 228 2407 ao
245 2349 356 2411 castris
380 2349 518 2410 Troianis
549 2350 687 2427 adiungi,
718 2369 786 2408 cum
815 2352 900 2411 vetus
928 2351 1157 2410 inimicitiarum
1181 2371 1271 2411 causa

244 2438 434 2501 subsisteret.
466 2440 539 2498 haec
557 2439 680 2498 fuerunt
698 2438 785 2517 signa
803 2440 1010 2499 instructionis
1030 2460 1107 2516 quae
1132 2441 1272 2500 docerent

244 2528 439 2591 nescientem.
470 2528 581 2588 idcireo
596 2532 696 2587 autem
711 2529 788 2587 dixit
801 2529 932 2588 Arcades
946 2548 1006 2587 non
1025 2548 1087 2588 esee
1105 2529 1271 2608 indigenas,

244 2620 283 2679 ut
310 2617 406 2677 Italos
438 2617 607 2676 ostenderet
636 2636 757 2693 perosos
788 2616 898 2675 habere
927 2619 1099 2695 peregrinos
1130 2621 1160 2676 et
1189 2621 1270 2695 ipsos

245 2705 382 2767 Arcades
405 2705 624 2766 demonstraret
646 2708 750 2766 contra
769 2707 901 2765 aemulos
926 2725 995 2766 suos
1020 2707 1271 2785 comperegrinis

201 2806 228 2851 ss
245 2813 337 2874 posse
359 2795 460 2856 venire
484 2796 631 2855 Troianis.
677 2814 859 2871 consequens
883 2797 944 2854 fuit
967 2796 1059 2854 etiam
1080 2795 1165 2854 illam
1188 2815 1272 2871 prae·

245 2884 351 2946 venire
368 2888 495 2961 partem,
512 2887 654 2960 quoniam
673 2904 768 2944 novus
788 2885 969 2961 perindeque
987 2884 1142 2962 incognita
1159 2885 1271 2943 habens

245 2974 390 3035 universa
413 2974 514 3050 potuit
533 2974 629 3032 dicere
648 2993 701 3032 nec
719 2975 854 3033 homines
873 2975 945 3033 novi
963 2993 1016 3032 nec
1035 2975 1101 3033 loca
1119 2992 1173 3032 111
1191 2973 1273 3032 viam

247 3080 312 3141 qua
339 3061 412 3121 duce
442 3062 481 3121 ad
508 3081 558 3122 eos
588 3082 688 3123 secure
717 3064 898 3139 perveniam.
943 3064 1006 3135 ipse
1029 3080 1078 3136 epo
1102 3067 1140 3131 te,
1164 3063 1272 3138 inquit,

245 3152 326 3225 ripis
349 3155 376 3210 ei
396 3156 471 3210 recto
494 3153 615 3222 duratae
638 3153 753 3220 ducam,
778 3152 934 3211 adversam
957 3153 1046 3210 remis
1069 3169 1188 3225 saperes
1205 3155 1273 3211 eob-

200 3252 230 3295 oo
247 3244 348 3301 veatae
373 3244 407 3298 ed
433 3258 563 3299 amnem:
594 3241 667 3299 dicit
697 3240 771 3316 quid
801 3242 855 3298 fiat
885 3244 915 3300 et
945 3241 1092 3317 quomodo
1123 3240 1190 3316 fiat3
1217 3242 1273 3300 hoc

248 3328 331 3389 enim
361 3329 556 3389 conveniebat
586 3329 686 3389 studio
716 3330 800 3406 pleni
829 3330 965 3389 fautoris.
1016 3349 1084 3408 ego,
1107 3332 1219 3407 inquit,
1244 3334 1273 3389 te

248 3418 358 3479 ducam
381 3437 434 3495 per
458 3438 576 3477 amnem
598 3439 697 3477 meum
725 3420 781 3478 hoc
806 3419 978 3478 conlaturus
1002 3418 1117 3479 meritis
1141 3420 1215 3494 tuis,
1238 3424 1274 3478 ut

286 3628 289 3633 .
323 3588 514 3655 lappeiiaate
532 3604 583 3657 pro
603 3605 620 3641 1
640 3588 770 3642 Pallante
782 3586 818 3642 V.
892 3593 907 3640 3
931 3589 1047 3658 delipere
1066 3587 1100 3642 V.
1174 3595 1190 3642 4
1209 3590 1274 3658 pai-

248 3660 352 3713 laretem
376 3675 427 3727 pro
452 3659 629 3713 Pallanteum
647 3657 680 3712 V.
756 3663 789 3713 16
809 3659 874 3712 deret
887 3658 913 3712 V
931 3660 1011 3713 ibunt
1029 3659 1072 3713 ed.
1151 3663 1184 3713 19
1210 3676 1274 3715 111-

248 3729 358 3785 tendere
383 3730 489 3784 deberet
517 3731 559 3785 ed.
585 3731 658 3799 post.
694 3728 697 3800 Ι
731 3730 794 3783 illos
819 3731 845 3784 ei
867 3730 893 3784 V
916 3731 959 3783 ed.
988 3732 1006 3784 i.
1032 3732 1104 3785 cairo
1131 3730 1175 3784 ed.
1200 3734 1273 3799 post.

249 3806 283 3855 111
306 3807 444 3870 quaerant
461 3801 487 3855 V
511 3808 589 3856 eradi
612 3801 655 3855 ed.
680 3800 796 3866 fueruat
817 3818 868 3855 noe
894 3801 929 3855 cf.
949 3818 974 3856 v.
992 3806 1032 3856 10.
1063 3802 1068 3873 'p
1101 3802 1205 3857 doceret
1230 3803 1278 3857 ed.

248 3876 285 3927 16
302 3887 387 3928 novoe
400 3871 426 3924 V
445 3889 512 3927 corr.
533 3873 576 3928 ed.
601 3872 608 3944 t
633 3872 751 3942 perinde
771 3872 815 3929 ed.
890 3878 925 3928 ‘it
944 3873 1259 3947 irrerepsisset.
