3142 4375
665 477 849 533 AENEIDOS
863 477 916 532 VH
1256 479 1298 545 75

281 649 355 720 forte
385 647 512 707 secoudo
546 648 684 719 deflueret
713 648 838 721 ripaque
871 651 970 706 cestus
1000 647 1147 705 uiridante
1178 646 1361 706 leuaremoo

280 738 359 796 hunc
382 754 503 797 cervum
526 756 562 795 ex
583 755 665 796 more
689 735 781 814 paulo
808 736 929 813 longius
952 755 971 795 a
993 735 1107 795 domini
1133 734 1299 812 parietibus

280 828 430 885 errantem
459 825 581 885 rabidae
612 844 699 886 canes
730 825 790 884 Iuli
821 825 959 885 venantis
993 827 1218 885 commoverunt
1251 826 1299 884 vel

278 917 390 974 natura
409 915 457 975 vel
475 916 605 975 factione
625 915 734 974 Furiae
752 914 908 989 inmissae3
927 934 1017 990 supra
1036 916 1116 974 enim
1135 913 1210 973 dixit
1227 914 1299 989 „hic

243 1022 259 1063 s
278 1004 411 1064 sub1tam
433 1004 556 1065 canibus
574 1005 688 1063 rabiem
708 1002 833 1081 Cocytia
854 1004 940 1081 virgo
964 1003 1057 1063 obicit
1074 1007 1104 1063 et
1125 1005 1198 1063 noto
1216 1005 1298 1063 naris

278 1095 429 1172 contingit
451 1094 555 1169 odore,
578 1096 615 1153 ut
632 1113 751 1153 cervum
770 1092 908 1153 ardentes
927 1092 1082 1170 agerent‘t
1120 1095 1178 1152 hoe
1195 1092 1298 1170 igitur,

277 1184 315 1241 ut
337 1184 451 1243 dictum
474 1185 532 1258 est,
560 1183 710 1242 faciebant
736 1201 838 1257 canes,
861 1200 929 1242 cum
953 1183 992 1241 ad
1014 1184 1076 1243 vim
1098 1186 1226 1241 naturae
1250 1201 1298 1241 ac-

279 1274 417 1333 cessisset
439 1276 470 1332 et
491 1271 617 1332 rabies
608 1272 732 1331 inmissa
750 1292 805 1348 per
824 1272 960 1346 Furiam,
983 1274 1208 1331 commoverunt
1230 1291 1297 1331 eum

277 1361 311 1419 in
332 1362 402 1438 ripa
422 1362 556 1421 fluminis
579 1361 768 1420 oberrantem
791 1361 913 1421 levandi
935 1364 1034 1421 aestus
1058 1380 1163 1437 causa3
1185 1361 1298 1420 fluebat

225 1469 258 1511 ro
278 1451 392 1527 quippe
418 1450 497 1510 idem
524 1451 633 1511 fluvim
661 1450 797 1510 secundis
825 1449 960 1526 lapsibus
984 1454 1014 1509 et
1035 1450 1153 1526 placido
1178 1452 1297 1528 agmine

278 1543 311 1597 et
333 1539 559 1599 delectationem
581 1540 745 1618 praebebat
767 1541 892 1616 aspectu
913 1542 944 1597 et
967 1539 1067 1614 aprico
1086 1539 1197 1617 frigore
1216 1540 1296 1599 leva·

278 1628 334 1685 bat
357 1628 522 1688 aestuantis
540 1630 690 1704 ardorem,
712 1628 920 1704 requiescendi
942 1632 1042 1687 autem
1064 1629 1226 1704 praebebat
1249 1647 1296 1688 oc·

268 1716 431 1775 ‘casiouem
459 1719 489 1777 et
516 1718 614 1795 ipsam
642 1721 777 1794 requiem
804 1718 1013 1796 gratiosiorem
1039 1717 1171 1776 faciebat
1196 1717 1296 1776 herbis

278 1804 443 1866 virentibus
467 1806 595 1867 adfatim
617 1807 805 1867 ministratis.
842 1806 998 1865 ordinatur
1015 1824 1119 1866 seusus
1139 1806 1193 1865 sic:
1216 1807 1296 1864 hunc

226 1912 257 1953 re
278 1894 383 1971 procul
409 1898 559 1956 errantem
585 1896 708 1955 rabidae
736 1915 824 1955 canes
851 1897 988 1955 venantis
1011 1896 1074 1954 Inli
1103 1912 1296 1969 commovere,

277 1983 406 2043 secundo
441 1985 533 2046 fluvio
566 2005 633 2045 cum
664 1986 807 2045 deflueret
846 1986 971 2062 ripaque
1012 1988 1112 2046 aestus
1146 1984 1295 2045 viridante

275 2074 399 2133 levaret.
435 2074 517 2134 dicta
536 2079 582 2135 est
600 2094 691 2134 causa
710 2095 770 2151 qua
788 2075 976 2134 invitabatur
994 2093 1097 2135 cervus
1116 2077 1152 2133 ut
1169 2074 1296 2133 fluvium

274 2166 405 2239 peteretz
429 2164 578 2225 defluebat
595 2166 684 2240 lenis,
707 2166 763 2224 hoc
786 2167 833 2224 est
850 2183 910 2223 non
927 2165 1034 2224 habuit
1051 2164 1194 2240 strepitus
1214 2164 1296 2225 odio-

275 2271 324 2312 sos
344 2253 506 2313 dormienti
523 2259 554 2314 et
571 2256 680 2314 habuit
698 2275 733 2313 ex
750 2254 927 2331 placiditate
946 2255 1112 2332 gratiosum
1131 2258 1294 2330 aspectum,

226 2363 255 2405 so
275 2345 303 2402 si
320 2343 398 2403 forte
412 2346 491 2403 esset
508 2344 619 2403 iacenti
637 2345 834 2422 vigilandum,
853 2347 884 2402 et
897 2364 973 2403 aura
987 2364 1021 2403 ex
1034 2345 1122 2403 undis
1141 2344 1294 2403 arborum·

275 2451 334 2509 que
348 2435 499 2508 opacitate
514 2434 640 2493 collecta
654 2436 812 2511 gratiaque
826 2435 962 2509 riparum
974 2434 1170 2494 viridantium
1183 2434 1294 2493 reficie-

273 2520 328 2580 bat
357 2524 494 2598 exceptos
522 2525 553 2580 et
579 2524 705 2582 exclusis
734 2523 864 2582 aestibus
893 2523 1078 2583 sublevabat.
1123 2525 1196 2583 haec
1224 2527 1295 2583 sunt

274 2629 353 2686 quae
377 2611 568 2687 aliquantum
595 2614 777 2672 vocaverant
800 2631 934 2686 cervum,
962 2632 1050 2689 quem
1073 2614 1210 2672 venantis
1233 2613 1294 2671 Iuli

274 2704 497 2760 commoverant
516 2719 603 2762 canes
623 2705 778 2760 errantem.
816 2704 846 2760 et
864 2702 1001 2760 venantis
1020 2701 1101 2777 quod
1119 2701 1208 2776 dixit,
1230 2703 1294 2760 illic

227 2806 255 2849 ro
274 2788 435 2848 constituit
462 2809 581 2849 omnem
608 2791 810 2850 defensionem
832 2790 953 2849 Ascani.
994 2791 1020 2850 si
1043 2791 1124 2848 enim
1147 2809 1235 2866 super
1258 2810 1292 2849 eo

273 2876 357 2954 apud
386 2879 541 2955 prudentis
572 2882 687 2958 ageret,
717 2880 841 2938 diceret:
874 2882 1020 2956 agrestem
1050 2881 1171 2957 putavi,
1201 2882 1293 2938 nescii

272 2969 464 3026 mansuetum
486 2971 593 3044 utpote
612 2972 695 3028 extra
714 2970 817 3028 domos
837 2969 993 3046 degentem
1011 2986 1066 3026 nec
1088 2968 1184 3044 ipsius
1203 2987 1293 3028 causa

271 3058 417 3115 venatum
439 3059 584 3133 processi,
608 3059 659 3117 sed
682 3058 814 3117 ferarum
838 3059 1050 3134 capiendarum
1073 3057 1187 3133 studio,
1215 3078 1291 3134 quae

271 3148 304 3204 in
327 3146 411 3205 silvis
435 3149 466 3204 et
487 3148 520 3205 in
537 3147 612 3223 ripis
634 3147 792 3206 fluminum
813 3150 939 3224 reperiri
957 3149 1181 3206 consueverunt.
1218 3150 1292 3207 haec

223 3252 253 3297 as
272 3235 347 3312 quia
369 3236 448 3293 iuste
474 3235 533 3295 dici
560 3239 722 3312 potuerunt
749 3238 830 3313 apud
854 3256 963 3312 aequos
990 3237 1117 3311 iudices,
1147 3236 1219 3295 data
1246 3241 1293 3298 est

271 3342 364 3400 opera
382 3324 483 3383 labore
502 3325 625 3401 Furiae,
646 3330 682 3384 ut
700 3327 776 3387 tales
795 3329 917 3402 repente
934 3326 967 3384 in
984 3328 1062 3384 iram
1080 3331 1292 3405 consurgerent

271 3413 380 3490 quibus
411 3432 507 3491 aequa
535 3417 613 3473 ratio
642 3415 727 3473 reddi
756 3435 816 3474 non
844 3417 957 3491 posset,
986 3417 1152 3493 agrestium
1178 3417 1292 3475 scilicet

268 3584 380 3653 recepit
402 3585 455 3651 ed,
479 3584 528 3638 sed
551 3583 695 3637 Donatum
719 3585 835 3640 rabidae
859 3585 962 3654 legieee
986 3584 1183 3653 interpretatio
1209 3585 1291 3640 docet

268 3673 324 3711 nec
342 3657 384 3711 oet
401 3627 505 3710 uertere
524 3655 619 3710 obstat
625 3656 781 3724 ‚quoniam
795 3674 819 3711 v
830 3661 882 3710 479
897 3656 1053 3712 naturalem
1068 3674 1169 3710 canum
1183 3656 1293 3710 rabiem

268 3727 382 3782 statuit
433 3732 514 3795 9sqq.
534 3728 660 3796 deflueret
677 3726 748 3782 Don.
767 3726 994 3797 impersonaliter
1011 3727 1161 3797 accepisse
1176 3729 1311 3781 videbor

269 3804 305 3857 15
329 3804 459 3854 euveum
484 3799 558 3852 infra
581 3797 682 3854 -o‘sV
758 3804 791 3854 23
815 3807 987 3859 vocaverunt
1000 3801 1028 3858 V
1053 3803 1258 3858 incitauerunt
1276 3796 1328 3847 eb

268 3877 305 3925 26
325 3876 446 3938 agrestae
465 3868 491 3922 V
504 3887 571 3924 corr
592 3872 634 3927 ed
