3142 4375
658 491 887 549 smnmosx
1215 495 1279 560 317

248 663 413 738 tissimus,
442 663 628 738 matoneum
657 662 789 722 earmina
818 680 892 721 meo.
945 681 1039 739 genus
1069 663 1115 721 est
1136 661 1280 721 transitus

246 751 387 832 proptor
413 747 551 810 οᾱίωιπι
575 751 731 810 nominum
753 749 1023 824 oontinuationem‚
1046 770 1124 826 qnae
1147 754 1179 810 in
1202 757 1280 810 eata·

246 839 334 922 loffl
365 857 490 918 sempor
512 841 567 900 est
617 839 698 900 huno
727 843 829 900 autom
859 840 965 898 merito
995 858 1061 914 suo,
1092 861 1152 900 non
1180 859 1282 900 eorum

247 947 332 1010 quos
361 927 497 990 ausono
521 929 622 990 voluit
646 927 829 989 carminibus
853 931 915 989 suis
939 948 1006 988 eum
1029 929 1117 989 laude
1139 931 1281 1004 inserere3

217 1021 345 1082 aaut
376 1017 461 1078 onim
488 1017 587 1096 pauoi
637 1018 688 1079 hie
715 1018 812 1097 igitur
842 1018 1022 1078 fortissimus
1054 1018 1113 1077 fuit
1149 1020 1283 1077 omnium

246 1107 425 1190 ligurum,
447 1107 529 1184 qnod
550 1125 619 1168 oum
640 1105 764 1183 dieitur,
787 1108 987 1168 ostenduntur
1009 1107 1101 1166 etiam
1123 1107 1172 1166 illi
1189 1108 1282 1166 fortes

247 1197 370 1276 qm'bus
399 1195 555 1274 praelatus
584 1213 648 1257 esse
677 1194 844 1256 videbatur.
896 1198 952 1256 hoe
982 1199 1014 1255 in
1046 1195 1112 1255 istis
1145 1196 1283 1256 laudavit

248 1285 341 1366 quod
364 1285 431 1348 ulio
452 1283 519 1346 loeo
541 1277 588 1368 (ὁ,
603 1278 683 1364 754)
705 1285 830 1364 „exigui
852 1305 988 1359 numero,
1013 1285 1063 1345 sed
1081 1284 1160 1344 bello
1179 1285 1282 1346 vivida

246 1371 394 1440 ffl‘l.
423 1373 508 1436 vonit
528 1375 592 1434 iam
613 1374 653 1436 ad
673 1374 770 1452 ipsius
793 1375 876 1434 ducis
895 1377 1018 1434 cultum.
1050 1375 1134 1433 mino
1152 1375 1282 1433 olorinae

203 1465 391 1542 otmunt
410 1463 448 1526 m
467 1464 573 1524 mnae
588 1464 718 1538 pinnae:
740 1464 872 1523 olorinas
895 1464 1002 1541 pinnas
1030 1463 1107 1522 dixit
1130 1463 1222 1524 finisse
1250 1463 1282 1521 in

246 1555 320 1620 du
350 1551 458 1634 galea,
484 1551 542 1612 hoo
571 1554 618 1612 ost
643 1551 738 1630 oyeni.
782 1571 865 1612 more
896 1572 949 1612 suo
972 1551 1123 1630 Vergilius
1145 1554 1211 1611 vult
1237 1552 1281 1609 in·

246 1643 370 1706 hom
391 1641 528 1704 fabulam
550 1639 657 1718 cycni,
679 1643 717 1701 ot
737 1642 770 1700 in
794 1642 932 1719 catalogo
955 1640 1075 1718 septimi
1097 1639 1167 1698 libri
1186 1634 1281 1720 (765)

245 1733 291 1794 do
303 1731 482 1810 Hippolyto
494 1731 580 1810 feeit3
591 1730 673 1790 inter
684 1731 788 1790 taedia
806 1730 918 1807 quippe
936 1733 983 1790 tot
1001 1729 1155 1790 nominum
1174 1729 1281 1804 quibus

244 1819 412 1896 hominu,
436 1823 567 1896 montes,
594 1819 747 1895 civitates,
774 1821 841 1879 looa
864 1823 894 1879 et
920 1819 1045 1878 flumina
1075 1818 1282 1897 significantur

199 1925 230 1970 u
245 1911 312 1974 ant
333 1909 440 1970 form
462 1912 517 1971 aut
538 1911 638 1970 oetora
659 1908 785 1969 inmissa
808 1910 941 1969 narratio
960 1910 1108 1987 legentem
1127 1907 1281 1967 sublevare

245 1999 349 2062 debat
381 1999 413 2058 n
440 1998 554 2077 erigere
583 1996 764 2058 audientem.
817 1999 925 2057 em'men
955 2016 1038 2057 amor
1067 2002 1195 2056 vestrum
1221 1998 1281 2070 for·

242 2103 385 2164 mmm
417 2087 534 2164 illelmo
561 2090 722 2162 paternae:
754 2087 1050 2164 transfigurationem
1082 2088 1195 2146 foetam
1226 2105 1281 2163 pro

242 2196 360 2261 pom
386 2175 501 2255 posuit,
526 2194 624 2254 poena
647 2179 748 2237 autem
771 2177 836 2236 sine
859 2178 982 2236 crimine
1005 2196 1067 2237 esse
1090 2197 1150 2237 non
1172 2176 1281 2254 potuit.

243 2266 340 2349 quod
374 2266 477 2327 anim
506 2264 625 2343 Gyenm
655 2284 756 2325 amore
785 2266 981 2342 praecedente
1011 2268 1109 2326 faetus
1140 2269 1186 2326 est
1209 2266 1282 2340 avis,

194 2374 224 2419 Ι
240 2362 321 2439 ipa
347 2372 437 2415 amor
457 2354 518 2415 init
539 2354 660 2415 minnan.
706 2354 787 2431 quod
809 2375 879 2415 vero
902 2355 953 2415 ille
977 2356 1085 2432 pinnas
1112 2355 1220 2415 habuit
1248 2375 1283 2415 ex

240 2462 371 2527 royano,
394 2444 454 2505 boo
477 2443 574 2521 ipsius
596 2444 697 2504 fuerat
719 2447 927 2504 ornamentum
954 2447 984 2503 et
1011 2445 1130 2523 signum
1158 2445 1282 2522 originis

240 2554 339 2601 m
396 2550 524 2609 mosee
554 2534 657 2607 ferunt
687 2533 767 2592 lnetn
799 2532 928 2607 Opennm
956 2535 1143 2593 Phaethontis
1180 2534 1280 2601 amati,

236 2622 404 2707 papalem
431 2623 509 2681 mter
535 2622 657 2696 frondes
685 2624 877 2694 mnbromqne
905 2640 1039 2680 sorernm
1061 2624 1132 2680 diem
1155 2623 1233 2680 canit
1257 2625 1344 2681 et190

238 2716 407 2779 malum
433 2728 521 2771 mnan
553 2712 667 2771 solatur
701 2729 842 2780 amorem,
878 2715 1025 2770 canentem
1061 2711 1141 2769 molli
1176 2710 1282 2781 plnmo

194 2820 221 2865 Ι
239 2802 383 2869 Misso
394 2802 540 2861 ammon
553 2800 729 2874 linquentem
747 2804 842 2859 terras
861 2805 887 2858 et
904 2801 1003 2858 sidero
1020 2817 1087 2858 eoee
1104 2802 1281 2871 sequentem:

238 2890 437 2957 fabularum
456 2891 592 2949 veterum
613 2888 796 2966 perindeque
819 2890 1000 2949 incertarum
1022 2892 1136 2947 eertum
1158 2906 1189 2946 se
1213 2906 1281 2945 aue·

237 2988 361 3049 foram
389 2996 451 3039 non
481 2978 550 3039 vult
572 2981 670 3055 -poeta
702 2978 895 3038 constituere:
929 2978 996 3037 ideo
1029 2977 1072 3036 sie
1104 2978 1214 3053 eoepit,
1246 2978 1282 3033 ut

241 3090 480 3111 ff

330 3165 576 3235 amonentem.
626 3167 810 3236 teotolonqis
824 3166 857 3219 It.
908 3171 939 3219 11
955 3166 1035 3236 cymi
1043 3165 1102 3218 VR.
1153 3170 1186 3217 12
1199 3165 1281 3232 fabn-

239 3246 315 3303 ιη.
408 3236 452 3291 'B
464 3238 488 3305 f.
502 3237 582 3309 cymi
594 3235 621 3290 V
635 3237 657 3304 f.
672 3254 804 3307 eypneom
818 3238 861 3291 ed.
885 3239 888 3309 1
907 3243 967 3292 coto
981 3238 1039 3291 loeo
1052 3236 1111 3290 VR.
1167 3241 1199 3289 13
1220 3237 1281 3303 effe·

240 3314 295 3373 dt
335 3338 339 3343 ·
383 3322 452 3363 sorr.
466 3307 511 3365 ed.
566 3312 601 3361 14
618 3308 740 3363 homines
752 3308 805 3361 VR
822 3310 878 3377 ipsi
895 3310 920 3362 b.
939 3309 982 3362 ed.
1005 3309 1007 3378 1
1028 3309 1150 3362 civitates
1168 3324 1221 3360 om.
1237 3306 1281 3360 ed.

243 3386 291 3443 15
310 3384 369 3439 Ut
382 3380 468 3448 Μαι
479 3378 506 3433 V
523 3379 586 3446 ets.
606 3378 632 3432 R
650 3386 701 3434 ont
717 3387 801 3434 sortes
820 3381 863 3434 ed.
883 3386 933 3434 aut
949 3381 1038 3446 sontes
1055 3395 1106 3431 nos
1126 3377 1160 3432 of.
1180 3384 1205 3445 3,
1221 3383 1280 3432 706.

243 3462 283 3525 ’1,
306 3454 375 3509 ub.
405 3449 410 3522 Ι
441 3456 494 3505 out
518 3456 608 3505 cetero
629 3449 682 3503 VR
709 3451 752 3504 ed.
778 3457 804 3505 et
831 3456 871 3506 o?
958 3456 990 3505 16
1018 3451 1199 3504 criminamur
1223 3448 1280 3501 VR.

244 3528 292 3585 10
408 3527 500 3577 mm
516 3536 619 3592 cycnus
637 3520 688 3575 VR
707 3528 789 3590 poter
806 3529 897 3577 antem
915 3539 949 3576 eo
964 3522 1081 3587 ferventi
1101 3520 1144 3574 ed.
1171 3520 1175 3590 1
1202 3521 1282 3574 mine

244 3600 271 3671 s
350 3594 418 3663 post
436 3594 498 3648 oola
516 3591 647 3661 interpol.
668 3593 712 3647 ed.
785 3598 820 3647 20
839 3610 924 3648 eausa
942 3598 968 3646 et
984 3595 1023 3647 sie
1041 3593 1144 3645 amoris
1161 3597 1200 3645 eet
1217 3592 1282 3659 post

296 3668 305 3683 '
338 3662 471 3735 interpol-
490 3662 546 3719 ed.:
570 3662 601 3717 in
621 3663 666 3717 his
685 3664 815 3718 omnibus
834 3663 920 3719 HOU
938 3681 1001 3718 oum
1019 3661 1071 3716 VR
1089 3660 1280 3716 consentiunt:

353 3750 475 3791 amorem
493 3750 551 3789 non
569 3735 653 3788 deum
671 3735 815 3806 intellegit
833 3738 862 3790 et
877 3740 994 3790 neetmm
1007 3734 1049 3787 ita
1063 3734 1192 3802 accipere
1204 3733 1282 3788 vide-

248 3814 321 3877 tur,
336 3808 379 3863 ml
400 3806 491 3863 fllium
512 3821 564 3875 per
585 3806 696 3876 insigne
719 3810 867 3876 paternum
892 3805 1015 3859 oriminis
1033 3805 1202 3874 participem
1221 3821 1282 3859 esse

249 3880 339 3940 vdit.
362 3878 371 3951 1
397 3878 525 3933 nonan
544 3877 586 3930 ed.
662 3883 696 3932 24
719 3881 845 3937 solentur
864 3878 924 3936 VR.
997 3883 1034 3934 tt
1053 3884 1159 3936 centnm
1176 3876 1294 3934 ornet¹
