3142 4375
659 482 844 540 AENEIDOS
858 482 911 536 VII
1255 486 1299 549 1'3

277 675 344 715 cum
367 653 470 713 Latini
498 654 643 732 originem
671 655 768 711 totam
796 670 968 710 enumerare
992 652 1150 727 coepisset,
1173 650 1300 711 novissi

275 765 359 803 mum
381 744 454 803 fecit
476 743 529 819 qui
546 742 688 802 nascendi
705 743 835 818 posteris
855 740 1001 819 originem
1019 740 1111 799 dedit,
1148 744 1179 799 et
1195 759 1301 800 revera

275 834 327 893 ille
351 836 397 893 est
418 834 543 892 ultimus
567 836 636 891 ante
660 850 748 905 quem
772 832 802 889 et
824 833 1005 907 postquem
1027 830 1128 889 nullus
1149 834 1202 889 est.
1239 830 1300 888 tale

275 923 378 982 ultimi
407 922 576 998 exemplum
605 923 635 979 et
665 919 767 979 Cicero
790 918 823 977 in
846 919 975 977 secundo
1002 918 1220 979 rhetoricorum
1249 911 1300 999 (de

246 1014 337 1073 sinv.
355 1011 387 1071 H
408 1015 436 1087 2,
451 1004 486 1093 5)
511 1010 607 1085 dedit,
643 1009 812 1085 „omuium‚
835 1008 950 1083 inquit,
974 1009 1154 1084 quicumque
1178 1008 1302 1067 fuerunt

277 1102 315 1161 ab
337 1101 445 1162 ultimo
464 1100 613 1178 principio
632 1100 722 1158 huius
740 1096 988 1175 praeceptionis
1023 1098 1106 1169 filius
1128 1098 1210 1156 huic:
1233 1115 1302 1156 cum
1321 1109 1355 1158 50

278 1191 351 1251 dicit
379 1191 463 1265 huic,
493 1189 593 1266 potuit
620 1187 716 1247 videri
738 1188 775 1245 de
800 1185 930 1246 Saturno
954 1185 1076 1262 dixisse3
1105 1187 1193 1245 huius
1222 1186 1302 1245 euim

277 1282 476 1341 novissimum
504 1278 610 1336 fixerat
638 1276 779 1354 gradum3
809 1276 861 1335 sed
891 1274 1047 1351 sequentia
1074 1276 1236 1334 ostendunt
1263 1275 1303 1334 ad

278 1369 423 1428 Latinum
445 1368 562 1425 textum
583 1366 764 1425 narrationis
789 1384 851 1425 esse
874 1366 1056 1423 revocatum.
1096 1366 1172 1437 foto,
1193 1364 1302 1440 inquit,

236 1474 261 1512 ιο
279 1459 380 1517 diuuuu
405 1456 560 1530 prolesque
585 1456 682 1513 uirilis
707 1454 793 1512 uultu
821 1455 881 1526 fuit
903 1455 1062 1526 primaque
1084 1455 1181 1513 555555
1204 1458 1303 1526 erepta

279 1549 398 1605 iuceuia
432 1548 488 1603 cst:
527 1546 564 1602 ut
598 1544 678 1602 euim
712 1545 781 1601 ante
814 1541 957 1601 Latinum
986 1542 1098 1621 gradus
1128 1543 1224 1603 omnis
1254 1563 1302 1600 ex-

281 1635 385 1708 cussit,
415 1636 485 1709 post
513 1633 612 1708 ipsum
642 1651 761 1709 quoquo
789 1632 863 1709 quid
890 1634 968 1691 esset
995 1631 1098 1691 debuit
1121 1651 1302 1691 enumerare.

281 1724 357 1798 fato,
384 1722 497 1799 inquit,
525 1721 641 1797 dirum,
669 1722 726 1781 hoc
755 1724 802 1780 est
836 1721 960 1780 deorum
989 1721 1138 1781 sententia
1168 1721 1303 1781 subolem

279 1811 326 1869 illi
344 1812 440 1871 virilis
462 1830 547 1871 sexus
567 1814 686 1872 constat
704 1829 767 1871 esse
787 1811 980 1888 denegatam,
1003 1830 1063 1869 non
1082 1810 1204 1886 quidem
1223 1810 1304 1887 quod

236 1913 262 1954 rs
279 1900 361 1960 nasci
383 1900 553 1977 nequiverit
576 1893 662 1983 (nam
684 1904 865 1976 provenerat
887 1891 1060 1980 nascendo),
1079 1899 1131 1959 sed
1149 1900 1303 1959 moriendo

279 1993 456 2066 consumpta
485 1993 531 2050 est
561 1993 604 2065 et,
637 1988 718 2065 quod
747 1990 873 2048 maximi
903 1988 1013 2049 doloris
1044 2008 1106 2049 esse
1137 1988 1303 2064 constabat,

278 2082 351 2137 tunc
379 2078 546 2154 intercepta
576 2081 621 2138 est
650 2097 717 2137 cum
744 2077 807 2137 iam
834 2097 901 2154 spes
930 2080 994 2137 eius
1021 2078 1053 2136 in
1076 2077 1150 2154 ipsis
1174 2078 1303 2138 exordiis

278 2168 418 2229 iuventae
449 2166 596 2244 coepisset
625 2166 794 2227 enitescere.
846 2168 911 2226 sola
933 2168 1052 2227 domum
1075 2172 1102 2226 et
1123 2171 1222 2227 tuntas
1244 2185 1304 2228 scr-

278 2260 369 2317 eabat
385 2258 452 2330 lilia
469 2257 559 2324 sedes,
574 2257 636 2314 ium
653 2261 773 2315 matura
790 2258 864 2324 ciro,
879 2257 939 2315 iam
954 2258 1054 2330 plenis
1072 2258 1183 2316 nubilis
1201 2258 1305 2316 aunis:

235 2361 261 2400 so
279 2346 433 2406 deficiente
455 2344 553 2405 virilis
575 2363 662 2404 sexus
685 2345 789 2403 subole
810 2347 903 2420 senis,
921 2347 977 2405 hoc
996 2347 1112 2421 estqui
1130 2346 1193 2405 iam
1212 2346 1304 2405 aliam

241 2512 244 2519 Ι
280 2455 398 2512 sperare
425 2455 486 2494 non
514 2437 630 2510 posset,
657 2435 722 2493 sola
745 2434 846 2493 fuerat
867 2434 944 2509 filia,
967 2434 1006 2493 ad
1030 2454 1121 2510 quam
1142 2437 1229 2513 regni
1251 2455 1303 2512 po*

279 2528 372 2585 testas
400 2527 524 2602 propter
550 2523 755 2582 infirmitatem
778 2523 939 2582 femineam
960 2525 1088 2583 transire
1111 2545 1171 2584 non
1194 2528 1303 2601 posset.

279 2615 364 2673 multi
385 2615 470 2673 illum
491 2629 598 2687 mupuo
622 2629 636 2670 5
654 2612 744 2672 Lutto
762 2616 877 2683 uroque
897 2613 1034 2684 petebant
1046 2613 1198 2672 Ausonia:
1218 2616 1304 2686 hanc,
1323 2626 1357 2674 55

280 2706 439 2779 propterea
469 2702 552 2778 quod
581 2704 659 2761 esset
688 2701 778 2760 unica
808 2704 839 2759 et
868 2701 946 2760 senis
975 2701 1039 2760 filia
1068 2720 1195 2778 spesque
1227 2707 1306 2762 esset

235 2810 263 2850 rs
281 2811 373 2869 regno
403 2811 472 2851 cum
500 2810 592 2851 uxore
620 2789 774 2867 potiundi,
802 2790 892 2849 multi
914 2790 1027 2850 nobiles
1051 2810 1086 2850 ex
1110 2791 1192 2849 omni
1214 2791 1305 2850 Italia

280 2881 516 2957 postulaverant.
562 2881 708 2940 maiorem
737 2880 850 2956 quippe
880 2880 1043 2956 petitorum
1069 2899 1240 2954 numerum,
1271 2884 1306 2939 ut
1362 2908 1364 2913 ·

281 2971 395 3029 dictum
424 2972 483 3042 cst,
512 2970 623 3029 fecerat
651 2987 718 3045 spes
748 2972 884 3028 maturae
912 2970 974 3028 iam
1002 2972 1092 3046 atque
1115 2970 1222 3028 unicae
1244 2969 1304 3030 vir·

280 3060 373 3138 ginis,
395 3058 482 3136 regui
504 3059 654 3135 cupiditas
677 3057 814 3117 eventun'
836 3060 868 3116 et
889 3057 1020 3117 latitudo
1038 3060 1195 3118 terrarum.
1233 3060 1306 3133 petit

281 3153 348 3208 oute
367 3148 442 3207 alios
457 3148 672 3220 pulcherrimus
690 3148 785 3206 omnis
805 3148 926 3206 Turnus
944 3148 1010 3206 auis
1026 3149 1178 3220 atavisque
1187 3152 1305 3222 potens:

237 3257 264 3296 eo
282 3241 350 3297 ante
378 3237 478 3306 omnis
505 3235 618 3313 iuquit:
654 3255 714 3295 non
737 3227 848 3313 petisse
872 3239 941 3295 ante
965 3238 1061 3296 omnis
1083 3237 1304 3315 intellegendus

282 3331 327 3387 est
353 3320 485 3401 Turnus,
515 3326 567 3384 sod
597 3328 666 3385 ante
696 3325 793 3385 omnis
819 3324 1052 3402 pulcherrimus3
1081 3346 1116 3386 eo
1147 3326 1306 3386 accedebat

353 3516 440 3569 atate·
453 3512 480 3567 V
497 3515 563 3568 talis
581 3513 624 3567 ed.
697 3520 715 3567 4
738 3515 890 3582 cuempiam
907 3521 933 3568 ct
950 3515 1042 3569 crebro
1064 3516 1097 3569 iu
1120 3515 1239 3569 secumdo
1263 3531 1304 3568 re·

281 3587 446 3641 choicorum
461 3584 493 3640 V.
549 3589 565 3638 5
580 3586 693 3669 quisquc
705 3583 732 3636 V
745 3587 906 3654 quicumque
920 3585 975 3640 Cic
992 3586 1097 3654 quued.
1151 3587 1305 3640 61555555-

283 3658 419 3712 'tdiuissc
442 3673 495 3711 om.
515 3657 560 3712 ed
640 3661 655 3709 9
679 3658 770 3725 iuquit
791 3673 844 3712 om.
864 3657 908 3712 ed.
978 3662 1011 3710 16
1029 3658 1168 3712 manuue
1185 3657 1292 3711 dolor
1280 3673 1306 3709 us

282 3727 335 3783 ed
349 3744 419 3782 corr.
443 3728 487 3782 ed.
510 3730 625 3796 poste-
597 3726 672 3781 -V
759 3733 794 3782 18
822 3729 962 3783 euitiscere
985 3727 1022 3782 V
1108 3732 1148 3780 uu
1175 3727 1263 3780 uiuat
1277 3724 1327 3773 W.

282 3805 317 3853 25
339 3800 601 3870 reputo—potiundi
622 3801 728 3854 temere
750 3800 823 3856 mut.
841 3799 888 3858 ed.
962 3806 1001 3857 ‘tt
1027 3800 1198 3872 protutura
1211 3793 1239 3844 V
1274 3803 1346 3855 Ψ

282 3886 375 3926 weron
393 3870 434 3926 ed.
508 3875 543 3926 28
561 3871 741 3931 terrorumV
761 3891 901 3948 aprorum
921 3875 970 3932 ed
