3142 4375
676 460 859 516 AENEIDOS
877 460 930 513 XII
1246 462 1312 529 589

294 632 397 705 imperis
412 632 505 691 barba
517 631 626 690 rotarii
638 629 824 702 nidoremque
839 630 977 689 ambasia
990 629 1081 689 dedit:
1099 628 1177 688 duae
1192 629 1315 689 fuerunt

295 721 477 796 occasiones,
500 739 562 780 una
584 720 663 796 ignis
687 719 801 794 sumpti
823 737 858 776 ex
881 737 948 794 ara,
971 719 1068 779 altera
1090 718 1163 795 quia
1185 719 1326 777 occurrit.

294 809 386 868 facies
416 829 493 885 quae
520 809 630 868 barbae
658 808 763 866 fomite
791 809 947 883 exceptam
975 807 1106 867 nutriret
1133 807 1314 867 incendium.

294 916 383 972 sirper
409 900 472 971 ipse
498 902 613 957 secatus
641 897 801 956 caesariem
831 897 916 957 laeva
945 898 1055 956 turbati
1081 898 1201 971 corripit
1225 897 1316 956 tostis

263 988 481 1060 eiapressoqae
506 1005 584 1062 peria
605 987 702 1045 mitem
728 990 824 1045 terrae
850 986 981 1060 adplicat
1006 987 1117 1059 ipsum,
1149 987 1193 1045 sic
1220 986 1315 1060 cipido

293 1077 373 1135 tatas
387 1094 453 1135 ease
467 1077 549 1151 ferit:
566 1078 766 1154 posteaquam
778 1075 900 1135 flamma
915 1075 1051 1135 turbavit
1063 1074 1214 1135 hominem
1228 1074 1315 1152 eique

294 1166 406 1242 eripuit
429 1168 597 1243 aspectum,
627 1162 783 1224 advolavit
813 1164 866 1223 ille
896 1163 1095 1242 inplicnitque
1124 1164 1187 1224 cius
1215 1182 1315 1224 comas

293 1254 382 1315 laeva
405 1258 436 1314 et
457 1256 555 1315 nitens
578 1274 656 1333 genu
679 1254 853 1330 superatum
876 1254 914 1311 ad
932 1257 1045 1313 terram
1062 1271 1157 1330 usque
1175 1252 1317 1330 perduxit

293 1343 495 1419 inpressitque
513 1342 603 1403 lateri
625 1344 689 1402 eius
707 1340 841 1421 rigidum
861 1343 996 1420 gladium
1013 1343 1069 1402 hoc
1092 1344 1138 1401 eet
1155 1343 1229 1403 satie
1248 1362 1316 1403 acu·

242 1450 274 1489 ιο
293 1434 368 1491 tum.
405 1432 576 1492 Podalirius
598 1430 719 1501 Atsmm,
742 1435 894 1505 pastorem
917 1433 1074 1506 primaque
1101 1432 1163 1491 acie
1180 1449 1237 1506 per
1259 1432 1378 1493 teiaaoo

292 1526 437 1590 meatem,
457 1538 524 1580 case
541 1538 663 1595 sequeus
681 1520 761 1579 mado
779 1521 1003 1594 superimminet,
1021 1521 1071 1579 iiie
1088 1521 1184 1579 seueri
1199 1521 1317 1580 edomet

291 1610 422 1669 mediam
443 1612 569 1683 frontem
594 1614 779 1682 meatumque
805 1610 926 1669 redmda
951 1610 1064 1669 dissicit
1085 1613 1112 1668 et
1132 1626 1236 1683 sparso
1260 1610 1317 1669 late

292 1700 372 1773 ripat
401 1718 488 1758 arma
515 1716 630 1758 oraora:
656 1698 828 1758 Podalirius
856 1698 927 1758 dum
949 1698 1058 1758 Anum
1079 1701 1230 1775 pastorem
1251 1718 1317 1774 per-

294 1788 444 1863 sequitur,
462 1790 621 1864 propterea
639 1788 719 1864 quod
738 1805 830 1847 ausus
848 1790 927 1847 esset
945 1789 978 1846 in
996 1788 1094 1864 prima
1112 1790 1175 1848 acie
1194 1789 1317 1862 versari,

240 1893 272 1935 rs
293 1877 346 1935 ille
369 1896 404 1935 ex
427 1878 551 1937 adverso
570 1876 691 1936 veniens
713 1876 830 1935 inimici
852 1877 900 1936 sui
921 1876 1053 1936 mediam
1070 1878 1198 1937 frontem
1221 1877 1318 1937 securi

293 1966 442 2041 percussit
463 1968 550 2025 tanto
568 1966 712 2040 pondere,
734 1969 771 2025 ut
788 1984 883 2043 usquc
901 1965 939 2025 ad
962 1970 1098 2026 mentum
1116 1966 1180 2026 eius
1199 1966 1317 2026 descen-

294 2055 385 2113 deret.
418 2055 499 2131 quod
520 2054 621 2131 ipsum
639 2055 755 2114 iactum
778 2058 825 2115 est
847 2058 911 2115 arte
934 2054 1082 2131 ferientis,
1104 2057 1159 2133 qui
1181 2059 1251 2131 post
1272 2056 1316 2114 in-

292 2143 407 2204 flictam
421 2144 541 2204 caedem
553 2142 673 2202 reduxit
682 2144 849 2220 dexteram,
861 2145 984 2204 veniens
998 2144 1078 2204 enim
1086 2146 1197 2206 securis
1211 2144 1318 2206 intulit

293 2235 417 2311 plagam
444 2236 475 2292 et
501 2227 627 2292 reducta
649 2233 815 2311 geminavit
843 2235 923 2310 quod
950 2235 1070 2295 fecerat.
1106 2237 1175 2312 post
1200 2237 1318 2295 tantam

240 2341 272 2381 so
293 2325 394 2382 autem
421 2321 484 2381 vim
513 2324 687 2382 consecutae
718 2323 841 2400 sanguis
871 2324 950 2383 caesi
977 2342 1062 2383 arma
1090 2324 1232 2400 perfudit
1267 2324 1318 2383 otii

293 2412 372 2470 dma
401 2413 482 2483 paics
512 2411 609 2470 acatos
639 2414 665 2469 et
693 2414 809 2484 ferreas
831 2417 915 2487 carpet
942 2430 1076 2482 amarias,
1105 2415 1140 2471 ia
1169 2417 1318 2474 aetermam
1327 2422 1379 2472 310

293 2501 459 2559 coadaemtm
482 2501 597 2559 imuirca
618 2503 746 2572 mactem·
775 2503 822 2560 est
849 2501 929 2560 enim
956 2503 1041 2577 quies
1069 2502 1131 2561 alia
1157 2522 1218 2562 non
1244 2503 1318 2561 dura

293 2592 324 2647 et
341 2607 402 2647 non
421 2589 534 2647 ferreus
553 2607 674 2648 somnus
693 2590 722 2647 et
741 2608 801 2648 nox
819 2608 880 2648 non
898 2592 1036 2664 aeterna,
1060 2591 1169 2665 quibus
1190 2593 1318 2650 utuntur

294 2677 334 2736 ad
355 2680 474 2753 tempus
499 2677 551 2753 qui
573 2677 703 2736 salutem
725 2678 907 2738 incolumem
928 2679 1067 2738 retinent

241 2782 273 2825 ss
365 2763 408 2824 At
415 2766 488 2840 pias
501 2762 621 2824 Aeaeos
635 2765 769 2824 doctram
788 2767 922 2827 teudeiat
938 2769 1078 2826 tammam
1095 2768 1207 2827 amdato
1225 2769 1319 2841 capite

294 2858 380 2926 atoue
402 2871 471 2912 scos
495 2854 620 2913 clamore
641 2856 778 2914 uocabat:
802 2874 870 2914 cum
892 2855 941 2914 illi
961 2857 1036 2917 haec
1057 2875 1118 2915 non
1141 2857 1205 2916 sine
1227 2858 1317 2917 sacri-

292 2944 367 3020 legii
384 2941 507 3001 crimine
525 2945 672 3019 gererent,
686 2943 835 3004 Troiana
849 2963 918 3004 vero
932 2948 1033 3021 partes
1046 2946 1205 3006 resistendi
1219 2946 1318 3005 studio

293 3033 485 3104 ducerentur,
507 3032 628 3090 emersit
649 3032 731 3090 idem
752 3032 818 3109 ipse
841 3033 958 3094 Aeneas
981 3038 1049 3111 pius
1071 3034 1104 3093 id
1127 3039 1173 3095 est
1195 3036 1319 3095 deorum

293 3121 392 3180 cultor
413 3119 494 3177 nudo
518 3118 616 3194 capite
640 3124 732 3196 atque
757 3120 866 3182 inermi
888 3121 1006 3199 dextra,
1034 3127 1070 3182 ut
1092 3128 1319 3202 cognosceretur

241 3227 273 3269 ao
293 3229 312 3268 a
331 3209 393 3267 suis
417 3209 471 3266 aut
488 3226 525 3265 ne
542 3207 607 3282 ipse
626 3228 746 3284 quoquc
763 3214 867 3271 reatus
885 3211 1036 3291 particeps
1055 3216 1145 3288 esset,
1168 3215 1195 3275 si
1213 3214 1320 3274 fuisset

292 3300 438 3358 armatus.
483 3296 599 3354 locutus
623 3300 668 3356 est
691 3300 795 3357 autem
824 3300 864 3360 ad
886 3319 957 3362 suos
980 3303 1110 3362 clamore
1131 3322 1255 3381 magno,
1281 3323 1318 3361 ne

291 3386 388 3447 secuti
410 3384 544 3443 hostium
565 3383 805 3461 desperationem
827 3388 888 3465 ipsi
911 3410 1029 3468 quoque
1056 3393 1207 3471 sacrilegii
1229 3393 1318 3453 scele-

366 3554 496 3607 liaceas
509 3551 543 3605 V.
593 3553 881 3624 apacavpaaaed.
934 3566 968 3614 10
986 3563 1091 3617 salsam
1104 3562 1137 3616 V,
1189 3568 1221 3616 11
1241 3569 1319 3618 tuer-

291 3635 345 3682 tem
370 3625 414 3677 ed.
498 3628 530 3675 12
557 3623 672 3679 discidit
696 3625 740 3678 ed.
824 3635 858 3683 13
882 3635 1058 3702 persequitur
1078 3633 1104 3687 V
1128 3635 1251 3703 sepuitm
1275 3634 1318 3688 ed.

292 3693 574 3751 latiomorum.
630 3700 664 3748 lo
683 3697 854 3754 dmcemderct
867 3701 894 3754 V
911 3703 1077 3760 distenderet
1095 3705 1138 3759 ed.
1192 3711 1226 3759 22
1244 3707 1320 3760 clarc·

290 3770 399 3822 danim
418 3764 461 3818 ed.
517 3769 551 3818 24
570 3765 618 3832 pai
636 3765 732 3834 inepte
750 3769 892 3838 manspos.
908 3774 951 3829 ed.
974 3776 978 3846 Ι
998 3778 1115 3832 satutem
1128 3775 1154 3829 V
1171 3778 1257 3832 eitam
1275 3776 1319 3832 ed.

290 3842 320 3894 et
339 3840 480 3904 transpos.
555 3839 588 3888 32
607 3836 666 3904 ipse
679 3836 706 3890 V
720 3853 791 3894 corr.
805 3841 850 3895 cd.
