3142 4375
655 483 910 540 Annamoexn
1226 488 1292 553 619

273 670 364 729 quam
387 653 446 712 cito
469 654 524 712 aut
545 653 624 711 unde
646 651 787 713 inventae
810 654 882 712 sunt
904 654 1002 713 scalae
1023 673 1102 730 quae
1123 653 1216 713 muris
1240 653 1292 713 ad·

271 743 473 801 moverentur!
498 744 551 802 aut
573 762 665 819 quam
686 743 809 819 repente
831 740 911 820 ignis
930 742 1083 819 apparuit!
1112 744 1185 802 haec
1208 746 1293 802 extra

271 849 373 890 muros
387 830 576 909 gerebantur,
588 829 698 907 incipit
715 830 971 907 perturbationem
986 831 1118 892 civitatis
1133 851 1292 909 exponere:

271 920 442 978 dtserrrruut
455 920 509 979 alet
526 921 567 979 od
580 924 697 994 portas,
720 940 758 980 ne
776 923 897 980 evectae
914 920 1012 980 facilis
1029 920 1182 999 ingressus
1199 922 1293 982 hosti-

236 1008 327 1069 sbue
350 1009 464 1068 darent.
498 1010 668 1085 puorosque
690 1010 850 1079 trueu'dout,
878 1010 935 1069 hoc
962 1012 1008 1069 est
1034 1010 1103 1069 illos
1126 1010 1181 1087 qui
1202 1011 1293 1088 primi

270 1097 523 1176 ingrediebantur.
558 1099 673 1172 ferrum
695 1099 750 1158 obi
771 1102 904 1172 torquent
930 1103 956 1158 et
980 1100 1154 1159 obumbrant
1175 1101 1293 1160 aethera

271 1187 349 1245 telu'e:
368 1186 531 1247 diviserant
545 1188 645 1247 officia
658 1188 862 1264 subveniendi,
880 1207 1009 1265 namque
1028 1189 1097 1248 aliie
1116 1190 1292 1249 curantibus

270 1277 374 1352 portas
398 1276 450 1336 alii
472 1277 600 1336 missilia
621 1278 682 1338 tela
699 1278 883 1354 torquebant
899 1280 988 1338 tanta
1009 1277 1109 1354 copia,
1131 1280 1166 1337 ut
1189 1278 1292 1338 obum-

270 1365 392 1424 bratum
406 1366 522 1425 caelum
540 1366 637 1427 videri
654 1386 715 1426 non
728 1372 838 1444 posset.
869 1369 932 1440 ipse
947 1368 1023 1425 iuter
1032 1367 1146 1441 petros
1159 1367 1293 1427 deatum

223 1472 252 1514 so
270 1455 405 1514 tendebat
429 1456 570 1515 inermem
592 1455 711 1516 Aeaeos
736 1473 902 1532 magnoque
922 1457 1040 1516 tumeat
1058 1472 1126 1515 voce
1147 1456 1354 1517 Latiumrsso

270 1547 448 1617 testaturque
469 1545 538 1604 deos
563 1546 670 1605 iterum
691 1562 722 1604 se
745 1546 785 1605 od
803 1546 920 1619 proelia
941 1546 1016 1620 copi,
1046 1546 1092 1603 bis
1112 1546 1175 1604 tom
1197 1545 1293 1605 Italos

269 1633 373 1702 hostia
396 1634 468 1692 boec
489 1634 584 1693 altero
600 1635 721 1708 foedera
741 1636 855 1709 rmnpr':
878 1653 945 1693 cum
967 1634 1113 1693 teletam
1134 1635 1292 1693 innumera

270 1742 287 1780 e
306 1723 400 1781 muris
413 1722 589 1799 iacerentur,
607 1742 676 1782 eum
692 1722 752 1783 fusi
765 1726 836 1784 ante
849 1726 952 1800 portas
966 1722 1063 1798 aliqui
1077 1723 1292 1799 occubuissent,

269 1810 388 1871 Aeneas
412 1812 511 1871 adhuc
532 1830 563 1871 se
588 1812 757 1872 benivolum
780 1812 889 1872 Latino
918 1812 1120 1888 monstrabat,
1148 1812 1292 1872 tendebat

223 1920 251 1964 ιι
269 1901 415 1959 inermem
437 1900 603 1973 domanam,
636 1901 716 1979 quod
747 1902 806 1960 fuit
838 1903 959 1980 signum
987 1901 1117 1961 nolentis
1145 1921 1292 1980 pugnare,

269 1988 451 2063 loquebatur
483 1991 575 2049 etiam
605 2010 717 2069 magna
744 2009 817 2051 voce
846 1989 949 2049 Latini
977 1989 1194 2050 incusationem
1222 2011 1291 2068 pro·

270 2096 405 2154 sequens.
438 2080 575 2157 generale
594 2080 650 2139 hoc
668 2083 726 2157 est3
748 2099 810 2139 non
833 2079 913 2138 enim
933 2079 1102 2155 specialiter
1119 2080 1196 2140 dixit
1214 2098 1291 2158 quae

270 2168 438 2228 contineret
454 2167 612 2245 prolixitas
635 2169 717 2230 vocis
740 2172 771 2230 et
793 2169 958 2229 clamorum
979 2169 1171 2248 magnitudo:
1194 2170 1291 2247 suspi-

271 2258 334 2317 cari
351 2260 453 2317 tamen
472 2258 577 2334 aliqua
594 2277 752 2336 possumus
770 2277 826 2336 pro
844 2277 972 2336 persona
989 2259 1149 2335 loquentis.
1172 2259 1198 2318 si
1211 2258 1292 2318 enim

223 2367 253 2409 so
270 2345 397 2408 Latinus
421 2351 560 2406 constans
579 2347 688 2407 fuisset
708 2348 740 2406 in
759 2347 933 2408 ordinandis
952 2348 1032 2407 filiae
1050 2347 1177 2425 nuptiis,
1201 2350 1228 2408 si
1244 2350 1292 2408 tot

271 2435 403 2496 adversis
427 2438 505 2495 esset
526 2436 714 2513 emendatus,
736 2455 797 2496 non
819 2437 973 2497 veniretur
996 2437 1035 2496 ad
1051 2437 1135 2498 talia.
1171 2457 1291 2516 magna,

269 2525 384 2601 inquit,
411 2544 496 2600 voce,
524 2524 613 2586 aliter
635 2528 746 2603 quippe
769 2526 853 2603 loqui
880 2545 940 2585 non
963 2525 1065 2585 debuit
1092 2527 1145 2604 qui
1167 2528 1291 2604 cogente

269 2616 317 2673 ira
344 2617 375 2674 et
402 2616 551 2692 strepente
578 2615 823 2692 perturbatorum
851 2615 987 2674 tumultu
1016 2614 1157 2692 cupiebat
1184 2615 1291 2674 audiri

268 2703 440 2763 testabatur
462 2706 563 2764 autem
586 2705 670 2780 deos,
694 2704 747 2781 qui
768 2705 826 2765 soli
850 2705 1050 2763 humanarum
1073 2704 1290 2782 cogitationum

224 2810 252 2853 aa
269 2792 357 2872 gnari
381 2794 465 2868 sunt,
492 2793 623 2854 invitum
646 2812 708 2854 sese
735 2795 816 2852 inter
836 2793 926 2852 initia
954 2793 986 2851 in
1014 2796 1164 2853 certamen
1187 2793 1290 2869 exisse,

269 2883 399 2941 invitum
412 2883 522 2941 iterum
539 2882 613 2962 cogi.
636 2884 718 2943 iusta
731 2883 805 2942 haec
819 2882 989 2960 obiurgatio
1004 2883 1075 2957 fuit3
1093 2883 1192 2958 primo
1211 2882 1291 2942 enim

269 2970 329 3048 ipsi
352 2973 511 3047 coeperant
532 2972 660 3051 bellum,
683 2971 743 3048 ipsi
766 2973 858 3032 etiam
880 2990 999 3031 rursum
1020 2972 1163 3032 facientes
1186 2974 1291 3032 contra

269 3061 416 3120 humanas
441 3063 471 3121 et
489 3059 607 3121 divinas
629 3061 724 3140 leges,
751 3063 922 3138 rumpentes
945 3061 1055 3120 iterum
1077 3061 1207 3120 foedera.
1244 3078 1291 3120 eu·

269 3151 364 3208 oritur
386 3149 513 3223 trepidos
534 3151 611 3209 tuter
631 3151 780 3210 discordia
803 3151 889 3209 ciuis:
917 3149 1097 3209 discordiam
1124 3151 1200 3209 dixit
1227 3150 1290 3209 ani·

225 3253 252 3295 so
269 3259 386 3298 morum
410 3238 563 3299 dissimilis
586 3242 687 3300 motus
710 3242 741 3299 et
763 3258 822 3298 non
846 3239 905 3298 sibi
927 3239 1147 3299 consentientis.
1183 3239 1292 3316 incipit

343 3381 357 3428 1
385 3381 462 3428 ceute
484 3373 510 3427 V
536 3375 664 3429 iuuentae
696 3373 738 3428 ed.
773 3395 776 3399 ⁴
826 3379 843 3426 3
870 3390 1003 3442 expauere
1027 3373 1054 3427 V
1080 3374 1219 3429 esurum
1246 3374 1290 3427 ed.

270 3451 287 3499 4
315 3451 419 3500 euectae
443 3444 470 3498 V
497 3451 608 3513 apertae
635 3445 678 3498 ed.
707 3446 856 3512 effractae?
937 3449 953 3498 9
980 3445 1072 3500 videre
1094 3444 1120 3498 V
1147 3461 1217 3499 corr.
1246 3445 1289 3499 ed.

272 3521 305 3570 10
333 3517 459 3571 tendebat
485 3517 614 3571 {nemnem
642 3515 686 3586 (cf.
711 3517 772 3585 311)
799 3515 825 3569 V
850 3516 1032 3569 confirmatur
1057 3516 1290 3584 interpretatione

269 3589 320 3642 sub
338 3588 447 3643 moeuia
464 3587 552 3642 uadit
572 3587 616 3642 ed.
636 3589 665 3642 et
682 3587 767 3656 Verg.
786 3586 860 3641 libri.
935 3593 967 3641 11
988 3589 1041 3642 iter
1058 3603 1086 3641 se
1101 3586 1127 3640 V
1144 3589 1291 3642 inreritum

270 3659 351 3714 edl'I
368 3675 396 3714 se
413 3659 532 3714 muitum
548 3659 591 3713 ed.
605 3661 677 3727 post.
743 3664 776 3712 12
795 3663 853 3713 tom
871 3675 926 3712 om·
941 3659 985 3714 ed.
1015 3659 1018 3729 t
1046 3660 1189 3714 tremuere
1202 3657 1228 3711 V
1245 3660 1290 3712 in-

268 3747 385 3786 umoeru
403 3729 446 3784 ed.
465 3731 585 3785 tenos.
646 3735 680 3783 13
698 3731 819 3785 iacerent
837 3729 879 3784 ed.
941 3736 974 3784 16
993 3728 1114 3784 etiumV
1132 3731 1205 3785 euim
1223 3730 1287 3799 cdl

269 3803 442 3857 mamatioue
455 3801 481 3855 V
495 3817 564 3856 corr.
579 3800 622 3855 ed.
689 3805 722 3854 19
737 3800 924 3870 possumusV
942 3801 1065 3857 diximus
1082 3802 1126 3856 ed.
1195 3807 1230 3853 111
1247 3817 1292 3854 oe-

269 3871 418 3928 uereturV
436 3873 540 3928 ueniret
557 3873 599 3927 ed.
675 3877 708 3926 11
728 3889 827 3929 uersus
846 3872 892 3928 ed.
