3142 4375
649 455 900 511 Annnmosrn
1241 459 1284 525 57

267 629 300 686 in
330 645 422 686 unam
454 644 555 686 omnes
587 624 768 686 sententiam
798 623 1005 703 redigerentur
1036 628 1068 685 et
1103 624 1287 686 sonnatium

268 716 421 778 sentiendo
444 714 521 775 nihil
544 718 648 796 cenna
670 714 796 773 Iunonis
817 716 891 774 vota
912 714 1096 791 perficerent.
1140 716 1189 774 illc
1210 717 1287 775 inter

266 810 358 866 restes
376 810 402 864 et
420 806 497 864 leoia
509 808 631 879 pectora
649 804 752 877 lapsas
769 802 912 862 relator:
934 822 1054 881 serpens
1076 804 1156 864 inter
1173 807 1349 869 restemsso

267 898 298 955 et
315 894 449 954 mulieris
467 894 653 955 levissimum
671 894 775 969 pectus
793 893 979 952 volvebatur.
1007 898 1117 953 cacan
1134 894 1225 964 ralla
1244 896 1288 955 sie

233 988 378 1059 stamen,
399 986 437 1043 ut
458 985 559 1043 tactus
582 982 646 1042 eius
668 1000 730 1041 non
747 982 934 1041 sentirentur.
977 984 1111 1056 fallitque
1127 984 1288 1056 furenteis,-

267 1073 356 1133 faoile
379 1073 458 1132 enim
482 1072 543 1131 fuit
561 1090 628 1131 eam
645 1069 763 1130 insidiis
781 1070 887 1130 fallere
907 1091 983 1148 quae
1001 1071 1152 1150 integrum
1173 1075 1288 1132 statum

266 1161 376 1222 mentis
408 1163 470 1221 iam
501 1179 563 1219 non
593 1159 725 1219 haberet
769 1161 919 1233 vipeream
949 1162 1105 1233 inspirans
1141 1162 1288 1221 animam:

266 1254 304 1311 ut
331 1252 455 1328 depulso
485 1248 612 1308 humani
644 1268 749 1310 sensus
776 1250 880 1327 vigore
908 1250 947 1308 ad
974 1269 1041 1308 eam
1066 1249 1289 1329 malignitatem

266 1340 455 1419 redigeretur
488 1357 549 1415 qna
580 1338 681 1397 fuerat
712 1356 842 1415 serpens.
887 1357 953 1398 ecoe
985 1338 1072 1398 addit
1106 1341 1287 1417 pererrantis

223 1452 247 1491 ro
267 1431 365 1507 ipsius
395 1428 542 1504 serpentis
576 1426 717 1503 speeiem,
748 1429 796 1500 pr,
820 1428 933 1503 inquit,
966 1429 1059 1486 tortile
1081 1429 1152 1487 collo
1180 1447 1289 1488 arram

267 1520 373 1592 inpens
400 1517 529 1575 colaber:
565 1534 631 1576 cum
663 1519 741 1576 esset
772 1536 900 1594 magnae
932 1517 1130 1594 longitudinis
1160 1518 1289 1593 coluber,

270 1608 314 1666 sio
345 1624 375 1664 se
406 1606 482 1664 oollo
511 1606 639 1665 Amatae
669 1606 841 1666 involverat
863 1609 1020 1683 tamquam
1043 1625 1150 1665 aurum
1177 1607 1287 1666 tortile.

269 1698 305 1766 fit
328 1694 430 1769 lonpae
452 1696 551 1754 taenia
575 1695 664 1755 omae
690 1696 865 1767 innectitque
892 1713 1004 1754 ooraas:
1033 1716 1069 1753 ex
1094 1714 1168 1754 auro
1190 1697 1289 1755 tortili

270 1798 373 1843 versus
392 1786 438 1844 est
455 1784 487 1843 in
504 1785 645 1844 taeniam.
678 1785 795 1857 taenia,
812 1785 927 1860 inquit,
945 1785 1002 1843 hoc
1021 1786 1067 1843 est
1084 1784 1175 1844 vitta:
1194 1785 1288 1845 vittae

223 1893 249 1933 rs
271 1872 451 1950 significatio
470 1874 602 1933 ostendit
620 1872 825 1950 prolixitatem
843 1877 874 1932 et
895 1873 1129 1951 longitudinem,
1151 1874 1290 1933 nectebat

269 1962 365 2041 igitur
396 1980 495 2023 eomas
527 1964 592 2022 eius
624 1966 660 2021 ut
691 1961 778 2021 vitta.
825 1967 851 2020 et
875 1964 1013 2022 membris
1040 1964 1170 2022 inebrieris
1197 1968 1290 2023 errat:

270 2071 288 2109 a
312 2052 443 2127 corporis
465 2052 603 2129 partibus
626 2051 761 2110 membra
784 2050 886 2111 omnia
908 2052 1105 2130 generalitate
1134 2053 1290 2128 conclusit,

268 2160 306 2201 ne
328 2140 380 2201 ille
407 2141 542 2219 aliquam
569 2142 687 2218 partem
714 2159 775 2200 non
802 2140 954 2201 rideretur
980 2143 1116 2203 intrasse.
1162 2161 1197 2203 ac
1219 2143 1290 2202 dean

263 2232 368 2304 prima
395 2226 469 2290 lacs'
484 2231 543 2290 ado
571 2231 715 2304 sublapsa
741 2247 850 2288 ameno
873 2235 1049 2305 pertemptat
1074 2249 1178 2291 sensas
1205 2237 1352 2305 aaaesss

224 2339 250 2378 so
268 2321 384 2380 essitas
405 2320 531 2394 inplicat
551 2321 648 2394 ipnna
669 2319 794 2378 necdam
812 2321 931 2379 animas
954 2325 1009 2379 toto
1032 2323 1159 2394 percepit
1176 2327 1291 2395 pectore

269 2412 434 2480 stammam,
452 2409 571 2468 radias
590 2413 615 2466 et
633 2409 716 2467 solito
733 2413 862 2467 matram
881 2410 916 2468 cle
933 2426 1013 2468 more
1031 2410 1126 2469 locata
1144 2415 1186 2469 est
1197 2412 1292 2471 malta

269 2515 359 2570 saper
387 2502 476 2557 natae
505 2499 667 2557 lacrimans
693 2497 885 2572 Ptrppiisqae
915 2498 1097 2573 hymenaeis:
1128 2503 1291 2575 antequam

271 2606 339 2646 eam
361 2585 481 2646 furialis
499 2586 564 2646 lues
582 2585 719 2646 inoendio
738 2586 906 2646 robustiore
924 2587 1106 2662 flammaret,
1129 2592 1292 2665 antequam

271 2694 339 2736 ossa
357 2675 421 2735 eius
441 2695 475 2735 ao
493 2675 640 2735 medullas
660 2694 774 2735 venena
792 2675 964 2753 plenissime
981 2676 1181 2753 possiderent,
1200 2678 1291 2737 verba

224 2782 252 2823 rs
270 2784 339 2825 eum
360 2765 470 2823 marito
493 2765 613 2838 habuit,
636 2784 690 2823 neo
712 2765 854 2824 lacrimae
877 2765 1008 2841 deerant,
1031 2785 1099 2825 oum
1116 2766 1172 2825 illa
1188 2767 1290 2841 loque-

269 2858 366 2928 retur,
392 2856 428 2913 nt
450 2854 592 2913 habitura
615 2872 781 2913 sermonem
808 2873 897 2930 super
923 2854 1003 2913 filiae
1030 2857 1110 2914 rotis
1138 2872 1173 2914 ac
1196 2855 1292 2914 Turni

270 2942 376 3003 matris
409 2943 507 3002 officio
539 2943 626 3021 fungi
657 2944 811 3002 rideretur
843 2963 934 3020 qnam
961 2944 1062 3004 furore
1090 2943 1291 3021 praecipitata

270 3033 399 3092 nesciret
422 3032 496 3107 quid
518 3032 637 3092 diceret.

342 3121 529 3180 Eaalibasne
551 3121 640 3180 datar
663 3121 798 3180 docenda
821 3122 956 3180 Lacinia
975 3123 1109 3191 Teneris,
1132 3139 1149 3180 o
1169 3123 1353 3196 paramese

223 3228 253 3268 so
271 3227 325 3270 neo
348 3214 375 3268 tc
401 3211 518 3268 miseret
543 3214 686 3282 nataepae
713 3211 812 3283 laipno
838 3228 890 3269 nec
916 3211 1021 3269 matris
1047 3212 1174 3281 miseret,
1203 3229 1292 3284 paam

266 3301 367 3374 primo
386 3299 521 3371 anniane
538 3299 681 3373 relinpaet
691 3299 830 3371 pannos
848 3301 910 3359 alta
925 3304 1026 3373 petens
1040 3300 1167 3360 abdacta
1179 3302 1292 3375 cirpine

267 3388 402 3462 praedo?
435 3391 466 3447 at
487 3405 548 3446 non
569 3388 612 3446 sic
629 3389 778 3462 Pbrppias
793 3393 927 3462 penetrat
944 3389 1170 3449 Lacedaemona
1189 3394 1292 3462 pastor

347 3559 565 3613 lredicerentnr
582 3556 609 3611 V
626 3558 717 3613 redae.
736 3558 780 3612 ed.
809 3558 813 3630 Ι
840 3561 982 3615 coenaria
1000 3559 1043 3613 ed.
1117 3558 1293 3614 tomtemV

272 3637 356 3686 aemes
374 3628 517 3684 HOUed.
575 3630 1122 3697 sfacilc-tlrobcrctom.HOUed.
1178 3635 1195 3684 8
1209 3631 1292 3699 palso

275 3702 318 3756 ed.
374 3701 573 3756 trediceretar
586 3700 612 3755 V
625 3701 710 3771 redip.
725 3700 768 3757 ed.
820 3707 854 3755 10
872 3704 977 3771 speciae
991 3701 1024 3756 V.
1045 3701 1050 3774 l
1070 3703 1164 3772 inanit
1180 3701 1304 3756 omen.

275 3778 308 3827 13
323 3789 399 3827 ea-
410 3777 444 3826 14
457 3773 527 3828 vitta
540 3773 665 3840 oomupit
679 3772 722 3828 ed.
773 3777 808 3826 23
827 3774 1016 3844 inflammaret
1034 3773 1083 3830 ed.
1137 3778 1173 3827 Ἡ
1193 3766 1313 3841 (ΜΝ

268 3845 365 3914 potiar
383 3860 427 3912 pa.
447 3842 490 3896 ed.
563 3849 597 3898 28
615 3844 705 3902 dicere
723 3843 750 3901 V
768 3863 840 3904 corr.
861 3847 909 3906 ed.
