3142 4375
664 485 847 541 AENEIDOS
866 485 892 539 x
1115 437 1118 442 ¹
1221 488 1285 555 361

267 654 365 716 tinere
382 674 444 714 non
462 656 597 732 possent,
614 654 767 731 promittit
784 656 815 715 et
828 655 1004 732 praemium.
1036 658 1078 714 est
1094 654 1198 715 mos
1216 654 1287 725 uita,

268 745 327 805 boo
344 746 390 805 est
411 742 544 821 locuples
569 744 600 803 et
626 762 806 823 magnarum
828 743 1011 804 divitiarum
1038 763 1149 822 magna
1172 751 1221 805 art
1244 743 1288 803 di·

268 830 356 894 uendi
376 835 413 893 nt
434 832 634 910 promissurus
657 832 788 909 pretium
810 851 865 909 pro
890 834 1114 893 conservatione
1133 832 1289 912 sanguinis

267 923 319 984 sui
332 922 429 999 primo
447 920 480 981 in
493 922 559 983 loeo
577 922 747 983 ostenderet
759 940 824 983 esse
837 921 930 982 dandi
942 921 1157 998 substantiam
1175 922 1290 983 frustra

236 1028 251 1069 e
268 1009 351 1072 enim
367 1011 557 1089 promittitur
573 1010 626 1071 ubi
643 1031 704 1072 non
722 1010 859 1089 suppetit
876 1011 959 1089 quod
977 1010 1101 1088 inpendi
1117 1009 1214 1088 possit
1236 1014 1290 1072 aut

268 1100 385 1162 debeat.
421 1098 455 1159 in
477 1118 511 1160 eo
536 1099 603 1176 ipso
626 1099 771 1176 quoniam
794 1100 855 1160 diei
872 1099 975 1177 potuit
991 1100 1044 1160 sed
1061 1119 1122 1159 non
1139 1102 1227 1161 tanta
1245 1101 1289 1161 fu·

268 1190 421 1252 saltatum
444 1189 532 1266 eopia
552 1190 598 1249 est
621 1208 697 1265 quae
720 1189 956 1266 redemptionem
974 1208 1107 1268 oongrua
1129 1190 1290 1269 largitione

268 1278 367 1358 possit
377 1277 520 1354 inplere,
549 1276 665 1337 addidit
690 1280 787 1338 iurent
808 1280 929 1353 pereites
956 1279 1074 1352 defosso
1095 1279 1205 1339 talento
1227 1297 1291 1339 oae-

269 1369 326 1429 iuti
346 1360 474 1443 diserti:
496 1370 527 1427 et
544 1367 687 1427 obrutum
705 1366 795 1443 dixit,
813 1371 849 1427 ut
865 1385 1008 1445 magnam
1024 1369 1169 1427 materiae
1192 1371 1290 1429 osten·

223 1474 251 1514 ro
269 1458 356 1518 deret
376 1456 507 1533 sopiam,
535 1458 566 1515 et
591 1455 628 1516 ab
651 1459 716 1517 arte
739 1455 826 1516 duxit
843 1456 975 1531 laudem,
998 1460 1034 1516 ut
1058 1457 1291 1534 pulcherrimum

269 1546 497 1611 demonstaret.
535 1548 605 1604 seret
622 1546 692 1605 orori
709 1546 846 1620 pondero
862 1547 936 1619 furti
954 1547 1109 1620 infectique
1129 1546 1211 1615 mibi,
1234 1545 1290 1605 boo

269 1638 318 1698 est
334 1636 368 1695 in
385 1633 539 1711 speciebus
557 1636 589 1694 et
606 1634 720 1695 massis.
757 1635 794 1694 de
812 1634 900 1695 modo
915 1654 951 1695 ao
964 1634 1093 1712 pondere
1111 1634 1187 1693 nibil
1205 1633 1290 1710 dixit,

268 1727 308 1786 ut
324 1724 506 1803 generalitas
524 1724 645 1784 tantum
667 1722 854 1784 oonieoturae
873 1724 1020 1784 tribueret
1039 1726 1187 1801 quantum
1204 1722 1291 1783 forsi-

268 1816 325 1875 tan
347 1812 485 1889 deposita
502 1830 563 1871 non
585 1812 738 1873 haberent
774 1830 835 1872 uon
856 1813 903 1872 ieie
924 1813 1047 1873 aona
1064 1814 1211 1872 Teuorwm
1228 1830 1290 1871 eer-

223 1904 342 1963 retitur
365 1906 418 1961 aut
443 1901 547 1962 abina
572 1918 636 1961 wne
662 1901 745 1961 dubit
770 1902 946 1961 dentatae
972 1905 1069 1961 tantu:
1100 1900 1290 1961 rationabilis

268 1988 425 2071 persuasio
444 1992 475 2050 et
492 1990 638 2067 conplexa
652 1989 747 2051 omnis
763 1989 860 2067 partis
873 2007 951 2067 quae
961 1992 1081 2067 optatos
1095 1993 1219 2067 possent
1231 1989 1290 2050 exi·

268 2085 321 2142 tus
339 2098 514 2158 procurare:
531 2078 630 2157 prima
651 2078 850 2139 humanitatis
868 2078 941 2155 fuit,
964 2098 1089 2155 sequeus
1108 2098 1185 2156 quae
1203 2098 1291 2157 spon·

268 2170 356 2231 deret
382 2189 419 2229 ex
445 2166 560 2231 divitiis
587 2168 788 2230 adfluentibus
816 2167 1014 2230 commodum.
1059 2168 1133 2247 quid
1155 2189 1242 2249 erge,
1265 2170 1291 2231 si

269 2278 392 2339 paroere
410 2260 442 2317 et
459 2276 575 2319 sumere
588 2257 809 2319 inoommodum
823 2257 904 2317 fnit?
937 2257 1068 2318 ooourrit
1081 2259 1242 2336 depreoans
1262 2262 1292 2317 et

225 2368 252 2409 so
268 2348 316 2411 ait
344 2349 473 2411 victoria
498 2349 554 2408 tua
580 2366 640 2407 non
666 2346 758 2407 unius
784 2367 855 2408 neoe
888 2346 1063 2408 conficietur
1091 2367 1146 2408 neo
1172 2348 1205 2407 in
1231 2367 1291 2408 uno

269 2438 440 2501 oonsistunt
454 2456 531 2515 quae
547 2436 694 2497 ediverso
710 2437 873 2497 metuenda
887 2440 966 2497 sunt.
988 2437 1118 2497 iuerat:
1132 2437 1222 2498 finem
1239 2436 1291 2496 ille
1302 2446 1354 2496 530

269 2528 334 2589 auis
356 2525 494 2604 preoibus
517 2527 636 2586 fenerat
668 2523 787 2586 Aeaeos
810 2530 911 2586 eontra
934 2526 982 2586 oui
1000 2526 1074 2586 totio
1091 2526 1201 2586 reddit:
1223 2544 1292 2585 oum

270 2616 345 2677 dioit
368 2618 486 2691 contre,
515 2615 647 2676 ostendit
673 2634 733 2675 non
761 2634 823 2676 esse
847 2633 948 2692 preces
976 2615 1113 2693 rogantis
1137 2613 1292 2675 admissas.

269 2705 387 2782 arpenti
404 2709 490 2778 utque
508 2705 578 2764 auri
594 2721 739 2764 memoras
757 2722 832 2778 quoe
849 2705 944 2764 mutto
961 2705 1072 2764 taleme
1087 2705 1186 2779 puetis
1201 2720 1292 2778 poree

227 2811 254 2855 ss
269 2795 345 2855 tuis:
362 2793 539 2854 admiranda
556 2793 709 2871 responsio
726 2812 781 2870 pro
800 2811 928 2870 persona
950 2794 1015 2853 eins
1033 2794 1087 2869 qui
1105 2811 1140 2852 eo
1158 2796 1292 2870 tempore

269 2883 351 2945 nulli
368 2882 541 2944 deereverat
558 2901 621 2942 esse
639 2882 823 2959 parcendum
841 2885 964 2960 propter
977 2880 1126 2943 Pallantis
1144 2882 1292 2942 ultionem

270 2974 302 3033 et
325 2971 515 3033 oommodum
542 2971 685 3031 victoriae
708 2990 794 3048 auae3
824 2971 902 3031 illud
929 2973 1008 3032 enim
1035 2971 1115 3048 quod
1137 2972 1291 3047 promitte·

269 3060 363 3123 batur
380 3060 421 3122 ad
438 3061 561 3121 viatoris
576 3079 646 3137 opes
660 3078 729 3120 oum
746 3060 815 3137 ipsa
833 3061 960 3121 victoria
973 3062 1072 3121 fuerat
1085 3059 1291 3122 manaturum

269 3150 398 3230 proinde
420 3149 464 3210 sio
486 3148 598 3226 eoepit:
620 3149 742 3210 divitias
765 3154 834 3210 tuas
853 3169 941 3226 paroe
959 3149 1061 3211 liberis
1078 3150 1154 3227 tuis,
1171 3150 1228 3209 hoo
1246 3153 1293 3210 est

224 3257 254 3299 eo
270 3258 367 3302 serra.
400 3238 470 3299 inde
493 3237 573 3299 enim
591 3239 675 3315 paroi
693 3238 835 3299 dieuntm
857 3238 910 3316 qui
932 3259 992 3300 non
1010 3240 1139 3299 multum
1157 3242 1292 3316 erogant,

271 3326 346 3407 quia
364 3327 446 3406 quod
467 3328 627 3388 habuerint
653 3330 788 3404 servant;
811 3347 881 3386 nam
905 3331 936 3387 et
958 3329 1052 3388 salem
1074 3347 1197 3405 parcum
1218 3327 1291 3386 Ver·

269 3418 366 3499 gilius
388 3416 469 3476 idem
491 3416 568 3476 dixit
586 3417 646 3477 alio
669 3416 734 3476 loeo
758 3411 819 3498 (ge.
844 3418 872 3490 3,
885 3409 979 3498 403),
1003 3416 1076 3493 quia
1098 3416 1213 3476 tradita
1234 3416 1293 3475 sibi

343 3592 360 3642 8
378 3588 607 3644 ommwmionem
620 3585 679 3640 VR.
735 3592 751 3640 6
766 3602 850 3656 ouum
863 3587 921 3640 diei
930 3587 1064 3654 potuisset
1077 3586 1120 3640 ed.
1176 3590 1192 3639 8
1211 3590 1292 3655 apest

268 3658 324 3715 VB
339 3660 432 3715 ioeeut
449 3677 470 3713 r.
527 3662 560 3712 lt
579 3664 630 3714 aot
642 3657 694 3712 VR
711 3659 788 3713 baud
806 3658 849 3712 ed.
905 3662 939 3710 16
958 3662 1065 3724 optatos
1077 3655 1130 3710 VR
1147 3656 1186 3711 ud
1203 3671 1227 3711 o.
1247 3655 1290 3709 ed.

268 3734 306 3787 lt
319 3745 473 3801 premiere
485 3726 538 3783 VR
552 3745 704 3798 provocare
721 3730 765 3784 ed.
839 3733 872 3781 21
896 3728 1049 3782 metuendo
1065 3727 1099 3782 R.

266 3801 395 3861 remeet
411 3800 483 3856 edF.
556 3805 590 3855 28
608 3803 722 3856 υίοτονεε
739 3817 802 3872 opes
815 3799 868 3854 VR
886 3815 951 3871 opes
969 3815 1028 3855 om.
1041 3799 1089 3854 ad.
1145 3813 1252 3876 wuar-

267 3879 370 3947 pasus
381 3870 409 3927 V
420 3872 518 3940 fuerat
531 3888 583 3927 nos
602 3872 636 3928 of.
653 3877 679 3943 8,
690 3878 725 3929 10
745 3881 807 3933 erut
824 3873 870 3931 ed.
927 3877 966 3930 it
987 3869 1149 3944 coeptrix
1159 3867 1274 3933 impu
1286 3858 1340 3910 ‘A‘
