3142 4375
662 494 926 550 Anumnosvm
1242 499 1305 564 147

287 666 381 724 lulum
411 664 584 725 tacuissent.
634 664 681 723 bic
707 680 774 722 cero
797 660 922 722 Alcidae
947 664 1039 736 snriis
1065 669 1217 724 exarserat
1242 670 1306 726 atro

286 755 353 827 felle
375 754 466 824 dolor,
488 755 569 826 repit
591 770 678 812 arnna
699 770 794 811 monn
815 752 956 825 nodisque
980 757 1138 827 naeatnnc
1164 755 1255 813 rcbnr
1282 760 1369 820 ctare

288 844 362 902 aerii
384 860 474 902 nnsn
490 843 565 917 petit
587 842 686 901 ardna
707 841 829 900 montis:
851 859 919 900 oum
941 842 1006 917 hoc,
1027 842 1141 918 inquit,
1164 842 1307 903 Hercules

287 932 483 1011 cognovisset,
505 931 650 990 iniuriam
671 931 769 1008 magis
793 949 884 1006 quam
907 929 1087 991 detrimenta
1114 932 1306 992 considerans

257 1021 398 1080 sexarsit
423 1020 594 1096 iracundia3
621 1021 678 1079 hoo
705 1018 785 1078 onim
812 1019 987 1096 praestabat
1012 1021 1093 1080 fellis
1118 1022 1307 1081 inmoderata

286 1110 456 1171 commotio.
492 1109 620 1185 denique
642 1128 703 1168 non
725 1109 799 1168 tulit
821 1127 914 1184 arma,
937 1108 989 1168 sod
1010 1110 1115 1185 rapuit
1136 1129 1191 1169 nec
1213 1111 1307 1187 passi·

286 1200 351 1275 bue,
374 1200 426 1260 sed
449 1200 545 1259 veloci
568 1216 657 1257 cursu
680 1198 797 1256 aerium
818 1198 948 1257 tetendit
971 1198 1009 1257 ad
1031 1201 1173 1258 montem.
1210 1201 1306 1260 virtus

286 1289 425 1349 Herculis
448 1290 480 1346 in
503 1289 631 1363 utroque
654 1285 806 1365 signatum
828 1307 898 1347 narn
921 1306 1026 1363 rapere
1045 1291 1203 1366 gravatum
1221 1289 1308 1349 nodis

286 1379 386 1453 robur,
405 1397 464 1454 quo
483 1376 625 1436 utebatur
642 1395 697 1453 pro
716 1378 818 1450 armis,
837 1378 868 1436 et
881 1378 962 1468 tanti
974 1378 1085 1437 montis
1105 1378 1199 1436 ardua
1219 1396 1309 1438 cursu

243 1486 269 1526 ro
286 1468 491 1527 transmittere
513 1467 603 1542 plena
624 1465 748 1526 virtutis
766 1467 797 1525 et
815 1467 1002 1525 constantiae
1021 1467 1235 1526 demonstratio
1254 1470 1308 1527 est.

287 1561 349 1614 tnnc
374 1556 507 1628 prirnrrn
535 1556 628 1615 nostri
659 1554 770 1615 Occnm
798 1556 897 1614 onere
925 1556 1070 1614 timentem
1104 1557 1309 1629 tnrbctnmqne

288 1645 394 1703 centis·
415 1644 579 1702 timebatur
601 1645 670 1703 ante
694 1645 857 1704 adventurn
880 1643 1019 1703 Herculis
1044 1643 1137 1704 (lacus
1165 1664 1221 1703 nec
1243 1646 1308 1721 ipse

232 1767 233 1770 =
289 1752 470 1809 quemquam
482 1732 635 1792 metuebat
648 1735 783 1793 armatus
802 1734 1011 1812 magnitudino
1029 1735 1170 1809 corporis,
1188 1734 1308 1794 feritate

287 1824 413 1882 natiuae
447 1825 477 1880 et
507 1822 696 1882 flammarum
726 1822 878 1897 incendio,
910 1823 962 1882 ssd
991 1822 1045 1881 ubi
1077 1822 1116 1881 ad
1147 1822 1309 1883 Herculem

244 1928 269 1969 ιε
288 1915 411 1972 ventum
443 1914 489 1971 est
520 1914 551 1971 et
580 1913 643 1971 sius
674 1911 820 1971 virtutem
851 1912 933 1971 ausis
968 1911 1082 1971 talibus
1120 1912 1308 1989 adprobavit,

289 2001 394 2060 didicit
410 2002 523 2075 timere,
543 2001 623 2078 quod
642 2004 712 2061 ante
730 2002 887 2060 nescierat.
917 2002 1027 2077 incipit
1045 2000 1143 2061 dicere
1160 2002 1308 2062 rationem

286 2090 403 2151 timoris
425 2092 522 2167 ipsius
541 2091 637 2169 signis
654 2091 753 2168 magis
772 2110 863 2167 quam
881 2090 942 2148 alia
961 2108 1106 2150 excausa
1127 2094 1309 2167 conpertam.

286 2180 435 2257 turbatus,
457 2179 568 2257 inquit,
591 2180 687 2240 oculis
704 2180 765 2238 fuit
781 2199 837 2239 noc
853 2180 1005 2255 inmerito,
1024 2200 1090 2240 oum
1109 2181 1225 2241 videret
1241 2183 1308 2241 tan·

287 2272 350 2329 tam
372 2270 541 2347 potentiam
564 2269 620 2331 dei.
651 2270 730 2343 snpit
750 2269 828 2327 ilicet
849 2270 927 2328 ocior
950 2287 1034 2329 enno:
1057 2273 1088 2330 et
1110 2290 1179 2330 cum
1201 2272 1310 2330 fuisset

243 2375 270 2414 so
288 2361 418 2418 extrema
442 2360 648 2435 desperatione
672 2375 841 2434 possessus,
869 2357 950 2436 fugit
971 2363 1007 2419 ut
1028 2362 1136 2419 ventus
1159 2362 1190 2419 et
1210 2360 1309 2437 ipsam

288 2449 370 2508 venti
406 2448 589 2507 celeritatem
625 2446 795 2507 mobilitate
826 2450 1031 2523 praeveniens.
1085 2450 1309 2522 spelencamqnc

283 2537 365 2610 petit,
379 2537 506 2609 pedibus
525 2538 611 2596 tirnor
630 2537 747 2596 addidit
764 2537 845 2596 uias:
867 2537 928 2596 tria
945 2537 1068 2596 fuerunt
1086 2538 1172 2616 signa
1190 2539 1308 2596 timoris

288 2625 397 2701 ipsius:
421 2627 575 2685 oculorum
596 2626 795 2702 perturbatio,
818 2627 872 2701 qui
894 2625 1038 2702 quicquid
1063 2626 1163 2685 animo
1193 2629 1309 2704 gereret

288 2713 475 2790 indicabant3
498 2715 571 2793 fuga
594 2714 715 2775 artioris
739 2733 857 2774 cursus:
879 2735 975 2790 neque
999 2716 1079 2775 enim
1101 2715 1177 2774 illud
1204 2716 1308 2793 fugere

244 2817 270 2858 ss
288 2804 401 2877 fuerat,
429 2804 481 2862 sed
508 2805 624 2878 volare,
651 2823 723 2863 nam
749 2805 847 2864 metus
876 2804 988 2863 insueti
1015 2804 1141 2880 pedibus
1169 2805 1233 2863 alas
1257 2804 1308 2863 ad·

290 2892 420 2968 diderat;
438 2893 562 2951 tortium
580 2893 661 2969 quod
678 2912 739 2953 non
757 2912 789 2954 se
808 2893 935 2952 credidit
948 2912 1054 2969 campo
1069 2896 1123 2952 aut
1136 2893 1309 2970 patentibus

288 2982 375 3057 locis,
406 2982 457 3041 sed
485 2981 518 3040 in
548 2983 720 3058 speluncam
749 2983 842 3060 fugit,
872 3001 964 3059 quam
995 2982 1125 3058 putabat
1154 2982 1308 3042 invictam.

288 3075 321 3129 nt
350 3087 411 3130 sese
440 3072 560 3130 incinsit
587 3073 738 3145 rnptisqnc
768 3073 889 3131 inmune
921 3074 1030 3131 catenis
1062 3072 1162 3131 deiecit
1193 3085 1371 3142 senoniae

287 3161 367 3234 ferro
391 3160 467 3232 qnod
490 3164 516 3218 et
538 3163 601 3219 crte
613 3165 744 3233 paterna
757 3162 911 3234 pendebat,
930 3161 1075 3234 fnttcspne
1093 3162 1216 3219 emnniit
1232 3162 1309 3220 obice

244 3263 271 3303 so
284 3250 392 3324 postis,
426 3267 487 3308 cccc
520 3251 625 3322 fnrens
656 3251 765 3308 annnis
797 3250 902 3309 adnot
933 3251 1106 3324 Tirynthius
1142 3267 1309 3322 omnenqnc

290 3356 438 3398 occessnn
467 3339 600 3397 instrnns
630 3338 687 3397 nnc
716 3355 771 3398 oro
801 3340 915 3412 serebat
945 3343 972 3397 ct
1001 3340 1073 3398 ilinc
1104 3340 1239 3398 dentibus
1263 3341 1371 3401 in-rto

288 3428 443 3501 frendens:
460 3429 540 3487 inter
556 3427 716 3487 Herculem
734 3429 765 3487 et
778 3426 890 3487 (lacum
903 3447 963 3486 non
977 3429 1141 3505 plurimum
1155 3431 1310 3505 supererat

289 3517 396 3593 spatii,
425 3517 552 3593 denique
581 3517 647 3592 ille,
677 3536 745 3576 cum
777 3535 808 3576 se
837 3518 953 3576 videret
984 3518 1143 3577 velocitate
1175 3519 1308 3577 fortioris

362 3674 376 3723 1
392 3670 506 3740 cictnjdc
519 3668 553 3724 V.
600 3676 615 3722 2
631 3670 702 3739 pelle
714 3668 749 3723 V.
767 3667 770 3740 l
786 3669 923 3739 nndisqne
935 3687 975 3740 pr.
989 3671 1074 3724 rnbor
1086 3668 1120 3722 V.
1167 3675 1183 3723 3
1197 3670 1311 3724 aetherii

288 3739 323 3808 V,
343 3739 442 3796 sedin
459 3741 575 3810 interpr.
595 3742 709 3796 nerim
782 3744 799 3792 ὅ
821 3757 889 3810 prae
905 3741 1056 3796 iracundia
1074 3741 1119 3795 ed.
1191 3746 1210 3792 o
1234 3757 1321 3792 ormo.

290 3828 343 3865 om.
368 3811 412 3867 od.
486 3818 518 3866 11
542 3813 631 3868 cidini
650 3810 683 3866 V.
757 3816 792 3867 25
816 3813 923 3870 insncti
945 3811 1106 3886 tgonath
1136 3813 1273 3864 tancane
1289 3804 1342 3854 eo.

290 3888 323 3936 rt
343 3884 475 3938 tnoictan
488 3883 514 3938 V
531 3884 776 3977 inenpnpncbilcgn
795 3885 843 3944 cd.

1142 3984 1202 4039 lo*
