3142 4375
316 466 360 531 70
600 464 741 521 noram
758 463 1053 522 miraravnaa.

313 632 450 693 flammas
482 634 597 710 posuit,
634 635 707 711 quia
737 653 773 693 ex
804 633 889 693 tenui
920 633 1071 712 lignorum
1103 632 1288 697 substantia
1317 639 1343 696 e

313 721 435 782 damma
465 722 609 782 torridior
639 723 775 783 nascitur
805 726 836 782 et
864 741 955 783 sonus
984 723 1147 783 nonnullus
1182 726 1342 786 emittitur.

314 828 380 885 erqo
408 813 464 869 iter
492 812 534 871 od
561 828 657 886 repom
680 812 799 885 polluto
823 830 899 886 poco
925 812 1071 871 Latiam
1097 812 1208 873 eatae
1235 816 1342 890 prinis

312 900 452 959 teoeoeoa
479 905 506 959 et
531 901 611 959 tabet
640 918 727 960 ormo
751 902 872 974 parari,
901 902 992 960 tutori
1017 901 1156 971 Italiam,
1188 903 1342 964 debuerim

312 990 424 1060 finitos
440 991 563 1049 hostem:
586 989 728 1050 adversus
747 988 890 1050 Latinum
908 993 1022 1051 moveri
1039 1009 1100 1050 uon
1118 990 1239 1069 debuit,
1257 1007 1362 1072 quem

312 1096 449 1137 socerum
470 1078 624 1155 cupiebat,
650 1078 704 1138 sed
725 1078 806 1138 diota
828 1082 874 1139 est
896 1098 987 1140 eausa
1009 1082 1134 1157 propter
1157 1101 1259 1157 qnam
1282 1083 1341 1142 fieri

312 1170 492 1227 conveniret.
528 1168 693 1244 polluerat,
711 1170 825 1245 iuquit,
842 1188 960 1245 pacem,
978 1170 1035 1229 hoc
1053 1171 1099 1229 est
1117 1172 1242 1246 primus
1262 1175 1340 1249 pacis

311 1254 381 1315 iura
411 1257 585 1317 violaverat.
631 1256 791 1321 accedebat
818 1259 879 1317 ulia
906 1276 1009 1334 causa,
1037 1259 1196 1335 quiahoc
1220 1261 1340 1322 Turnus

312 1362 373 1403 non
395 1363 451 1404 sua
473 1347 642 1421 voluntate,
667 1346 720 1406 sed
741 1346 864 1422 inpulsu
887 1346 996 1407 iuriae
1019 1347 1187 1425 cogebatur
1210 1350 1340 1426 efficere

312 1435 424 1509 quippe
453 1436 521 1511 ipsa
552 1436 668 1495 dixerat
698 1427 794 1517 (432)
833 1456 907 1511 „rex
935 1439 1000 1513 ipse
1030 1435 1173 1512 Latinus,
1206 1441 1242 1500 ni
1274 1441 1365 1500 dures

312 1525 485 1600 coniugium
521 1526 552 1583 et
587 1524 667 1584 dicto
703 1544 809 1602 parere
842 1526 970 1601 fatetur,
1006 1527 1118 1586 sentiat
1149 1529 1183 1585 et
1217 1530 1341 1590 tandem

312 1612 448 1671 Turnum
472 1615 641 1690 experiatur
662 1616 695 1673 in
714 1612 836 1674 armis“.
882 1633 1028 1691 exequens
1053 1616 1149 1693 igitur
1171 1618 1266 1680 iussa
1288 1622 1341 1680 iter

312 1701 490 1778 disponebat
516 1703 555 1761 ad
584 1723 687 1781 regem
713 1704 848 1779 pollutae
876 1706 958 1780 pacis
984 1724 1077 1763 reum
1124 1705 1213 1781 quod
1241 1709 1340 1785 ipsun

311 1791 405 1851 edixit
431 1791 507 1866 suis,
535 1811 595 1851 non
626 1791 746 1868 quidem
774 1792 926 1868 omnibus,
954 1792 1005 1852 sed
1028 1791 1134 1870 primis
1156 1794 1340 1872 iuventub's,

309 1880 365 1940 hoc
394 1885 440 1941 est
467 1881 640 1940 ductoribus
668 1881 912 1956 multitudinum,
938 1885 974 1941 ut
1003 1901 1125 1942 causam
1152 1889 1288 1946 nossent
1313 1889 1365 1946 etl

310 1969 421 2028 seirent
443 1968 560 2047 agenda
581 1972 614 2028 et
635 1973 758 2045 propter
780 1990 856 2047 quos
875 1974 974 2030 esseut
991 1973 1052 2030 ista
1070 1971 1192 2032 facturi.
1232 1980 1340 2053 parent

313 2077 408 2132 arma,
431 2078 469 2116 ne
486 2059 624 2118 resistere
642 2059 737 2119 hostis
756 2059 893 2135 auderet,
917 2079 948 2120 se
966 2064 1066 2120 tamen
1086 2059 1242 2126 confidere
1262 2065 1339 2144 qnod

310 2147 446 2207 aemulus
470 2147 533 2207 siue
557 2149 717 2208 certamine
740 2148 849 2210 finibus
867 2149 976 2210 Italiae
1000 2168 1060 2210 non
1082 2152 1187 2227 posset
1210 2155 1338 2217 excludi

310 2255 458 2297 summam
484 2237 600 2297 interea
627 2239 821 2298 consiliorum
847 2241 880 2298 iu
903 2259 937 2299 eo
961 2258 1037 2314 esse,
1065 2242 1101 2299 ut
1121 2260 1183 2301 uno
1216 2262 1337 2325 egressu

247 2328 341 2384 evoet
363 2325 436 2384 Itali
458 2330 664 2403 premerentur
687 2331 717 2387 et
740 2329 860 2387 Teucri:
887 2329 954 2389 ideo
977 2330 1111 2406 positum
1134 2331 1182 2391 est
1208 2351 1245 2393 sc
1268 2336 1365 2395 saties

310 2416 462 2485 ambobus,
502 2417 677 2491 Toeoortsqao
707 2419 807 2475 oeotre
838 2418 1021 2492 Latinisque.
1077 2418 1228 2482 ambobus
1265 2424 1338 2485 dixit

309 2503 424 2578 venire,
448 2524 516 2563 cum
534 2506 698 2565 multorum
717 2506 758 2566 sit
775 2526 916 2566 numerus
936 2507 1124 2586 designatus,
1147 2508 1337 2575 Teucrorum

308 2592 424 2652 sedicet
446 2597 476 2653 et
499 2593 689 2669 Latinorum,
714 2599 745 2654 et
766 2595 888 2655 videtur
915 2615 978 2655 esse
1000 2596 1159 2671 vitiosum,
1186 2603 1228 2661 ut
1260 2604 1337 2682 quod

307 2683 472 2742 multorum
499 2683 559 2741 fuit
586 2684 701 2744 duobus
730 2684 870 2744 videatur
899 2685 1078 2761 adpositum.
1122 2687 1206 2748 hunc
1237 2691 1336 2755 locum

308 2773 351 2831 sic
374 2791 533 2848 possumus
556 2792 715 2849 exponere,
743 2775 779 2831 ut
806 2793 866 2833 uon
894 2776 992 2833 solum
1019 2774 1178 2851 ambobus,
1206 2778 1273 2842 hoc
1295 2784 1362 2843 ests

307 2859 416 2920 Latino
440 2865 471 2921 et
492 2862 624 2938 Aeneae,
647 2862 831 2938 praedixerit
853 2882 916 2923 sese
934 2866 1095 2923 venturum
1113 2883 1223 2927 verum
1244 2873 1335 2933 etiam

307 2947 424 3009 Latinis
447 2953 477 3010 et
500 2952 630 3011 Teucris.
676 2953 748 3011 hooc
769 2953 822 3011 ool
844 2953 922 3012 dioto
945 2954 1024 3012 dedit
1045 2954 1185 3026 divosque
1208 2958 1247 3019 in
1271 2966 1334 3021 voto

306 3040 432 3108 oooooe‘t,
457 3041 587 3098 cortote‘m
609 3058 671 3100 seso
689 3042 795 3100 Rotae
814 3042 1002 3101 ooleortootoor
1021 3044 1052 3100 in
1070 3060 1173 3102 oneo:
1198 3054 1333 3122 quantus

307 3129 480 3187 cunctorum
500 3148 585 3189 amor
602 3131 693 3190 fuerit
709 3131 796 3189 iuxta
805 3132 949 3205 Turnum,
968 3134 1100 3207 quantus
1117 3132 1333 3199 universorum

306 3215 407 3290 favor,
435 3220 550 3293 quanta
573 3218 703 3280 iubentis
727 3220 892 3280 auctoritas
915 3220 1046 3280 breviter
1072 3222 1217 3287 ostendit.
1265 3236 1360 3288 more

307 3303 387 3362 euim
409 3308 445 3364 ut
467 3307 518 3365 ille
539 3308 690 3383 praedixit
708 3308 781 3385 qnid
805 3312 882 3368 esset
904 3328 959 3385 pro
982 3309 1159 3369 necessitate
1184 3314 1330 3394 tcmpon‘o

305 3394 482 3453 faciundum
505 3399 536 3455 et
558 3397 615 3456 diis
639 3400 710 3457 vota
732 3399 892 3474 persolvit,
917 3400 1011 3458 omnis
1031 3399 1171 3459 iuventus
1197 3422 1262 3465 non
1286 3426 1330 3466 ex·

377 3570 567 3621 teoeccreteo
587 3565 612 3619 V
631 3566 674 3620 ed.
702 3566 705 3629 l
730 3569 878 3622 eoaoulloe
895 3567 921 3620 V
939 3570 1035 3638 tepens
1053 3569 1096 3623 ed.
1119 3569 1122 3640 ξ
1149 3575 1289 3633 metuitur
1307 3575 1329 3631 V

306 3641 411 3691 -eretwr
428 3636 472 3690 ed.
528 3642 561 3690 13
580 3636 809 3708 orcomVrepom
823 3640 867 3692 ed.
921 3646 954 3693 15
973 3640 1043 3694 etV
1061 3642 1110 3710 qui
1128 3642 1172 3698 ed.
1230 3652 1264 3703 1¹1
1283 3646 1329 3705 aaa

305 3710 396 3761 tamea
417 3708 549 3774 confidere
567 3707 592 3761 V
611 3725 639 3762 so
656 3715 675 3763 t.
690 3726 711 3763 o.
732 3727 783 3762 nos
805 3711 852 3764 sed
870 3717 888 3764 t.
903 3713 1048 3778 confideret
1065 3711 1109 3766 ed.
1185 3721 1221 3771 19
1245 3719 1279 3775 ta
1300 3734 1328 3775 eo

305 3783 392 3832 meoet
408 3778 503 3833 onoV
521 3781 627 3835 temere
645 3783 714 3835 mut.
730 3781 774 3835 ed.
838 3787 871 3835 32
890 3798 985 3837 oocoro
1003 3784 1091 3838 coluit
1103 3783 1129 3837 V
1147 3792 1246 3845 votare
1262 3788 1328 3847 all

219 3905 223 3927 1
304 3855 367 3905 uoto
379 3850 513 3918 persolvit
530 3867 580 3905 noe
598 3857 663 3907 ooto
681 3853 746 3920 fecit
765 3851 818 3907 Oll
835 3853 880 3906 ed.
