3142 4375
538 1158 771 1227 AENEIDOS
795 1159 929 1226 LIBER
946 1159 1037 1227 VIII.

356 1309 395 1369 Ut
422 1309 490 1369 betti
515 1310 632 1385 sanam
658 1309 807 1369 Laurenti
835 1310 956 1369 Tarans
983 1311 1021 1369 ab
1049 1327 1116 1369 arce
1143 1310 1246 1370 emolit
1274 1314 1299 1370 et
1379 1357 1382 1392 :

279 1415 368 1457 rocco
391 1402 576 1473 strepuerunt
598 1416 710 1458 maaca
728 1403 830 1469 cauta,
849 1403 936 1472 aare
954 1400 1032 1458 ocris
1051 1400 1195 1459 emansit
1213 1416 1298 1474 equos

279 1491 366 1560 cique
392 1489 501 1561 inpulit
527 1506 625 1558 armo,
657 1488 796 1561 extemplo
824 1490 934 1548 turbati
964 1488 1070 1557 animi,
1098 1489 1189 1547 simul
1215 1506 1299 1549 orme

253 1577 404 1636 etiamalio
427 1579 562 1636 coniurat
584 1578 695 1651 trepido
718 1578 843 1637 Latiam
865 1579 1012 1650 saevitque
1034 1578 1171 1637 iuuentus
1195 1580 1298 1651 effera:

280 1666 398 1727 Turnus
416 1667 605 1726 ho1tamento
623 1666 731 1725 Furiae
750 1670 780 1726 et
798 1666 962 1741 mandatis,
985 1666 1109 1725 ducibus
1129 1670 1159 1727 et
1177 1666 1298 1728 auxiliis
1325 1679 1335 1720 ⁶

278 1755 386 1831 fultus,
409 1757 507 1815 factus
528 1755 671 1815 audacior
691 1755 806 1832 primus
826 1755 965 1832 prorupit
981 1757 1013 1814 iu
1031 1755 1145 1815 bellum
1166 1756 1299 1835 siguum·

280 1864 336 1921 que
359 1844 481 1918 extudit,
505 1864 565 1922 quo
588 1845 701 1903 maiore
724 1845 824 1905 furore
847 1844 980 1904 bellandi
1007 1848 1119 1905 ceteros
1146 1845 1299 1906 excitaret.

279 1933 405 2011 denique
424 1937 460 1993 ut
473 1934 617 1992 vexillum
636 1933 767 1994 ostendit
785 1937 816 1993 et
832 1953 923 1994 rauco
943 1936 1032 1993 cantu
1051 1938 1182 2011 strepere
1196 1953 1300 2012 coepe·

278 2026 349 2081 runt
372 2041 496 2098 cornua,
519 2026 554 2082 ut
577 2041 668 2098 equos
686 2022 829 2099 produxit
846 2027 877 2082 et
900 2042 984 2082 arma
1002 2023 1124 2099 inpulit,
1148 2026 1298 2103 extemplo

278 2111 393 2171 turbati
417 2111 518 2188 animi,
542 2113 728 2192 singulorum
752 2112 866 2171 scilicet
889 2114 943 2190 qui
966 2112 1104 2173 videraut
1126 2111 1174 2172 vel
1197 2113 1298 2173 audic-
1317 2127 1341 2167 ro

278 2204 360 2259 rant:
389 2201 497 2278 quibus
524 2203 569 2262 itu
596 2203 689 2281 gestis
717 2202 778 2261 alia
805 2221 889 2262 meus
911 2204 1044 2262 virorum
1066 2202 1192 2262 fortium
1216 2203 1300 2263 factu

279 2294 324 2349 est
352 2293 395 2366 et,
427 2292 545 2369 quando
575 2291 614 2350 ad
641 2291 673 2351 id
700 2295 825 2351 ventum
854 2294 913 2365 est,
944 2295 980 2351 ut
1011 2311 1071 2351 non
1102 2292 1300 2368 dispositione

279 2381 416 2456 sequenti
445 2384 579 2456 tempore
608 2382 782 2457 profutura,
812 2380 865 2440 sed
891 2380 924 2440 in
946 2399 1085 2456 praesens
1112 2383 1299 2441 momentum

278 2468 360 2528 facta
387 2469 593 2545 procederent,
621 2471 712 2531 simul
741 2489 827 2529 omne
854 2470 989 2529 tumultu
1016 2469 1153 2529 coniurat
1179 2470 1299 2548 trepido

278 2557 408 2618 Latium.
454 2559 556 2634 simul,
584 2560 698 2636 inquit,
728 2562 759 2618 ct
787 2579 886 2633 omne,
916 2559 973 2618 hoc
1000 2562 1045 2619 est
1071 2577 1130 2617 uno
1154 2561 1342 2637 temporeis

279 2648 417 2708 omnibus
435 2649 468 2707 in
487 2669 579 2708 unam
598 2647 773 2708 coeuntibus
787 2647 909 2707 Latium
929 2667 1015 2707 omne
1034 2649 1180 2707 coniurat
1205 2649 1300 2726 trepi-

279 2737 361 2797 datio
390 2739 501 2814 quippe
528 2742 703 2798 cunctorum
731 2738 802 2798 talis
830 2736 971 2796 extiterat
999 2739 1029 2796 et
1055 2736 1125 2796 talis
1148 2737 1300 2798 tumultus

277 2827 333 2886 hoc
356 2830 402 2886 est
424 2829 515 2886 timor
537 2827 665 2901 multus,
692 2829 726 2885 ut
753 2828 784 2885 in
811 2826 1014 2886 contrahenda
1039 2824 1245 2886 coniuratione
1269 2830 1300 2885 et

278 2918 365 2976 tanta
384 2917 613 2994 congregatione
633 2916 815 2992 populorum
832 2915 921 2991 parvi
939 2914 997 2975 sibi
1015 2915 1111 2974 adhuc
1130 2917 1161 2973 et
1177 2914 1298 2992 inpares

277 3004 458 3080 viderentur,
480 3004 661 3081 perindeque
681 3004 849 3080 desperatio
869 3005 1025 3064 universos
1044 3004 1214 3080 obsederat,
1237 3024 1297 3082 quo
1316 3020 1343 3060 ao

278 3093 393 3152 factum
416 3098 461 3153 est
482 3098 517 3154 ut
540 3095 641 3154 nullus
664 3093 796 3153 inmunis
819 3093 903 3152 fieret
921 3110 940 3151 a
959 3093 1106 3152 conso1tio
1126 3092 1298 3153 dimicandi.

279 3200 344 3241 ecce
373 3186 520 3258 quantum
546 3185 664 3243 Aeneae
691 3182 808 3242 meritis
831 3182 934 3258 detur,
963 3185 1077 3260 quanta
1102 3184 1166 3242 arte
1193 3182 1298 3243 laudes

279 3272 343 3331 eius
363 3274 393 3330 et
411 3273 571 3348 praeconia
589 3273 794 3332 cumulantiul
822 3271 980 3347 profitetur
993 3272 1108 3349 primus
1122 3270 1299 3332 violentiam

279 3361 397 3421 Turnus
426 3365 456 3420 et
479 3362 663 3439 coniugium,
692 3360 773 3438 quod
800 3362 915 3421 meritis
943 3360 1077 3421 obtinere
1105 3379 1165 3419 non
1192 3362 1299 3437 valuit,

277 3450 356 3509 bello
386 3450 496 3510 nititur
525 3469 680 3529 quaerere3
711 3450 761 3510 hic
789 3469 908 3527 quoque
935 3454 1036 3527 partes
1064 3450 1180 3509 Aeneae
1212 3453 1298 3511 tutae
1317 3464 1343 3505 as

350 3626 367 3673 4
385 3623 516 3690 solvitque
535 3621 578 3675 ed.
635 3625 668 3674 12
687 3621 863 3689 dispositioni
880 3620 923 3676 ed.
984 3625 1018 3673 13
1034 3621 1200 3689 profuturae
1213 3619 1239 3674 V
1254 3621 1297 3676 ed.

278 3692 449 3818 {3322sz
464 3693 570 3762 trepido
583 3691 784 3754 tamaitcadd.
801 3693 844 3746 ed.
900 3696 934 3745 19
953 3697 978 3746 ct
992 3691 1083 3746 adhuc
1101 3692 1144 3746 ed.
1200 3696 1234 3745 20
1253 3694 1299 3748 ob-
