3142 4375
309 392 351 457 76
593 386 733 443 nosses
750 385 1044 442 mraasasass.

307 558 427 618 infinita
443 556 543 632 turba,
561 573 720 616 saevorum
738 573 857 632 quoque
875 558 906 616 et
923 555 1127 632 inperitorum.
1158 555 1229 630 ipse
1248 557 1338 618 usam

309 648 432 708 exuuiae
455 646 554 706 leudis
576 662 733 704 suoeeusus
755 661 854 703 ornere
876 644 1046 705 Ascanius:
1071 644 1137 722 ipse
1163 647 1264 707 eldam
1291 647 1336 706 in·

310 737 390 814 quit,
416 738 451 795 ut
478 738 510 793 in
538 733 736 794 commotione
763 736 794 793 et
819 734 900 793 malo
926 734 1082 794 domestici
1104 734 1253 797 animulis
1276 755 1336 798 non

309 827 366 886 soli
379 843 467 885 osnes
483 826 657 898 erraverint,
675 825 729 900 qui
746 822 825 882 feras
843 824 1009 883 disaemere
1027 822 1201 899 inpediente
1221 828 1336 886 natura

309 921 339 976 et
361 916 462 974 furore
484 932 545 973 non
566 915 702 989 possent,
731 930 835 971 verum
859 911 950 971 etiem
972 915 1037 988 ipse
1059 912 1210 973 Ascanius
1245 918 1363 976 sesti-s

308 1007 422 1065 masset
439 1006 596 1084 agrestem.
632 1002 760 1078 denique
778 1001 877 1060 laudis
897 1020 996 1061 amore
1014 1003 1167 1077 raptatus,
1190 1005 1232 1063 ut
1251 1023 1335 1066 suam

309 1096 410 1171 potius
434 1111 526 1169 quam
547 1111 656 1151 eanum
678 1092 792 1151 faceret
814 1090 952 1167 gloriam,
979 1107 1066 1149 euroo
1089 1090 1197 1150 deeuti
1215 1094 1335 1169 aptatis

311 1185 473 1243 coruunt
496 1183 625 1259 sagittae
648 1181 779 1241 volueris
803 1199 891 1240 eursu
914 1181 1019 1258 fugam
1037 1182 1118 1239 cervi
1138 1183 1336 1257 praeveniret

310 1275 341 1332 et
363 1273 518 1348 premeret,
542 1290 644 1331 areum
667 1269 798 1346 arripuit
815 1271 846 1327 et
862 1271 935 1329 ieoit
953 1270 1103 1346 sagittam.
1140 1286 1195 1328 neo
1213 1271 1336 1333 amru

310 1364 422 1421 errauit
440 1362 512 1421 deus
530 1361 622 1434 afuit:
644 1379 705 1419 non
724 1359 822 1418 defuit
840 1358 921 1432 deus,
940 1361 992 1434 qui
1009 1360 1157 1417 mittentis
1177 1358 1364 1423 dexterams

310 1452 377 1510 falli
400 1472 460 1512 non
483 1453 600 1510 sineret.
633 1449 721 1509 deum
745 1466 834 1524 quem
855 1447 995 1508 debemus
1014 1447 1147 1523 ao'oipere
1166 1448 1229 1508 nisi
1250 1469 1338 1514 evan-

309 1545 387 1616 tum,
414 1543 467 1618 qui
488 1542 634 1599 humanos
657 1542 744 1598 sotus
767 1538 821 1597 aut
842 1538 938 1613 inplet
961 1540 1016 1595 aut
1039 1534 1168 1596 deserit?
1211 1545 1339 1615 uotaque

309 1632 398 1690 multo
412 1648 523 1705 perque
540 1633 656 1688 uterum
678 1629 776 1686 souitu
793 1643 905 1700 perque
921 1627 976 1685 ilia
993 1628 1072 1685 oeue't
1089 1626 1245 1687 harundo:
1270 1633 1339 1691 aeta

249 1732 300 1781 500
309 1721 445 1780 harundo
459 1720 556 1778 multo
571 1720 673 1777 sonitu
686 1718 821 1777 ventrem
835 1720 914 1775 cervi
927 1716 1040 1791 iliaque
1053 1717 1236 1792 penetravit
1269 1738 1339 1780 suss-

310 1812 372 1869 ee'us
391 1814 422 1868 ot
437 1808 605 1882 quadrupes
623 1810 693 1864 uoto
710 1806 792 1863 iutra
810 1809 882 1864 teoto
899 1806 1021 1878 refugit:
1044 1802 1132 1881 quasi
1149 1806 1245 1866 sciret
1264 1809 1368 1885 quido

309 1900 341 1957 in
359 1897 492 1975 perieulo
512 1897 618 1955 salutis
632 1913 703 1953 suae
716 1894 814 1952 faeere
834 1894 991 1968 debuisset,
1013 1897 1118 1953 notam
1136 1895 1283 1975 eonfugit
1302 1899 1340 1959 ad

311 1988 440 2047 domum.
486 1987 559 2044 nota
581 1987 662 2043 teste
684 2003 745 2042 non
768 1984 866 2042 solum
889 2002 947 2060 quo
975 2002 1106 2042 remeare
1135 1991 1340 2047 oonsueverat

312 2075 517 2150 accipiendum
539 2076 586 2133 est
607 2093 710 2132 verum
734 2073 826 2131 etiam
849 2091 977 2147 quorum
999 2073 1223 2133 humanitatem
1242 2076 1338 2156 longo

310 2167 443 2241 tempore
471 2162 689 2240 conprobssset.
732 2180 798 2222 eooe
821 2164 852 2220 et
875 2181 893 2221 s
916 2164 1049 2238 tempore
1075 2163 1221 2223 meritum
1246 2168 1338 2242 eervi,

310 2257 417 2331 utpote
445 2254 498 2330 qui
524 2256 629 2329 raptus
658 2253 695 2311 ab
723 2251 862 2312 uberibus
890 2253 996 2310 matris
1020 2251 1057 2310 ad
1086 2251 1218 2311 formem
1242 2256 1373 2317 taleme

312 2348 342 2403 et
372 2347 474 2403 tantae
505 2342 722 2420 magnitudinis
760 2359 872 2400 somus
903 2343 1095 2416 pervenisset.
1140 2346 1339 2420 successitque

309 2450 426 2507 gemeus
448 2433 587 2491 stabulis:
614 2434 668 2491 aut
685 2450 721 2489 ex
743 2430 846 2490 dolore
869 2432 1039 2508 gravissimi
1057 2430 1190 2490 vulneris
1209 2452 1339 2510 gemens

313 2525 367 2581 aut
384 2540 419 2581 ex
437 2521 596 2599 gemitibus
614 2519 749 2579 indioans
768 2519 884 2578 cladem
902 2537 1001 2591 suam,
1025 2538 1116 2594 quam
1134 2537 1206 2579 voee
1227 2522 1339 2584 testari

312 2631 372 2671 non
394 2613 522 2687 poterat.
568 2614 723 2684 questuque
746 2612 897 2668 erueutus:
924 2608 1052 2685 gemitus
1076 2611 1140 2668 eius
1163 2609 1340 2673 existebant

312 2701 367 2775 sio,
389 2702 507 2759 utnon
531 2700 628 2758 solum
651 2698 750 2757 dolere
772 2717 877 2757 verum
900 2699 992 2756 etiam
1011 2695 1153 2774 oonqueri
1170 2696 1338 2776 videretur,
1353 2708 1373 2749 ²⁵

313 2790 351 2849 ad
373 2791 578 2848 testimonium
601 2789 701 2847 autem
724 2786 817 2845 eladis
839 2790 977 2862 aoeeptae
1000 2785 1189 2846 monstrabat
1211 2791 1244 2847 et
1269 2808 1338 2851 san·
1361 2826 1363 2831 ·

312 2881 441 2957 guinem.
486 2882 571 2950 atque
592 2878 755 2950 inplorauit
777 2876 898 2934 smilis:
921 2878 964 2934 sio
986 2893 1030 2949 se,
1053 2877 1166 2952 inquit,
1189 2876 1338 2940 offerebat

313 2967 449 3045 singulis,
472 2970 507 3026 ut
530 2966 714 3025 defensorem
737 2966 895 3041 putaretur
916 2965 1076 3040 inquirere.
1122 2967 1226 3024 tectum
1250 2984 1337 3028 omne

312 3057 454 3130 replebat:
483 3056 600 3113 nullum
628 3055 733 3113 domus
756 3054 920 3130 reliquerat
942 3054 1041 3112 loeum
1064 3074 1154 3129 quem
1176 3073 1237 3114 non
1264 3076 1336 3133 que-

312 3146 394 3205 rellis
412 3144 562 3221 inplesset.
595 3143 691 3202 Silvia
704 3144 807 3216 primo
825 3159 908 3201 soror
920 3143 1033 3215 palmis
1048 3159 1192 3215 pereussa
1210 3143 1336 3207 lucem
1351 3160 1372 3202 11

313 3235 459 3294 auxilium
487 3236 570 3292 ooeot
599 3236 624 3291 et
656 3234 746 3291 duros
775 3232 937 3290 eouolamat
968 3233 1105 3305 agrestis:
1135 3234 1203 3307 ipsa
1233 3238 1336 3308 prima

313 3325 393 3384 eervi
420 3341 505 3382 ossus
532 3324 680 3400 ingemuit
703 3340 779 3398 quae
805 3321 944 3397 pectebat
966 3321 1120 3396 ferumque
1148 3320 1276 3383 lavabat
1303 3326 1335 3384 in

312 3416 409 3488 fonte,
434 3432 510 3488 quae
529 3430 641 3471 cornua
661 3413 725 3469 eius
744 3410 830 3470 sertis
849 3409 1003 3469 intexebat
1020 3413 1063 3484 et,
1082 3409 1163 3487 quod
1181 3412 1336 3486 patienter

385 3570 401 3617 6
426 3563 597 3632 reptatusV
622 3569 720 3631 eaptus
744 3562 788 3615 ed.
863 3567 877 3616 7
903 3564 1014 3631 specula
1036 3561 1069 3615 V.
1144 3566 1159 3614 9
1185 3563 1264 3619 eieeit
1290 3565 1335 3621 ed.

315 3641 348 3689 10
367 3642 475 3690 erraute
492 3635 525 3689 V.
600 3640 633 3688 13
652 3640 716 3687 aeto
735 3634 862 3688 hortensio
885 3635 1109 3688 om.ed.15
1128 3650 1162 3687 oo
1179 3651 1232 3702 pro
1250 3642 1283 3692 at
1301 3636 1335 3692 V.

315 3713 347 3761 19
373 3708 445 3761 cerui
466 3705 492 3758 V
517 3723 539 3760 o.
561 3705 635 3760 dixit
660 3705 702 3759 ed.
781 3710 816 3758 24
839 3712 1004 3774 quaestuque
1024 3704 1057 3758 V.
1131 3709 1166 3758 25
1188 3706 1335 3821 doloreV.

314 3784 348 3833 30
368 3779 476 3834 lacertis
494 3777 527 3831 V
602 3783 635 3830 33
653 3777 790 3832 auteuerat
809 3775 833 3829 V
853 3777 898 3831 ed
