3142 4375
624 448 889 504 musmosvm
1204 453 1268 519 165

250 619 307 677 hoc
343 620 388 677 est
423 636 492 677 curn
528 620 606 678 esset
641 619 725 679 locus
762 618 815 677 ille
847 616 969 677 humilis
1002 620 1093 694 atque
1125 618 1269 695 desertus,

249 708 312 767 iam
333 707 440 766 habuit
466 726 577 767 numen
604 710 728 784 eratque
755 707 820 766 illic
843 707 923 785 quod
949 709 1075 767 terreret
1101 709 1268 769 accedentis

250 798 281 855 et
302 795 349 855 his
371 795 518 856 incuteret
539 797 706 872 horrorem,
735 796 865 856 maxime
892 796 1052 857 rusticanis
1076 799 1131 873 qui
1157 817 1269 874 pavore

249 885 383 944 naturali
401 885 501 944 omnia
519 888 657 946 metuunt
675 888 706 946 et
719 886 861 946 universa
877 885 1051 946 formidant.
1087 887 1144 945 hoc
1162 905 1269 965 genere

218 973 381 1034 sostendit
416 993 526 1033 numen
562 976 644 1052 quod
679 977 712 1034 in
748 976 848 1035 aureis
886 973 1045 1051 capitoliis
1083 975 1267 1053 temporibus

250 1062 386 1123 Caesaris
408 1064 528 1123 habitat
550 1063 642 1124 fuisse
665 1066 758 1124 etiam
779 1067 854 1124 tunc
876 1082 946 1123 curn
966 1065 1051 1125 locus
1073 1065 1138 1141 ipse
1155 1065 1268 1124 videre·

248 1154 298 1211 tur
324 1152 458 1212 abiectus
482 1153 512 1212 et
535 1154 718 1213 conditorem
744 1152 876 1213 melioris
904 1153 1036 1213 fabricae
1063 1154 1181 1213 numini
1206 1154 1269 1213 iam

247 1241 311 1300 illic
333 1242 485 1301 habitanti
507 1241 649 1303 detulisse
673 1243 754 1320 quod
776 1242 862 1318 fecit,
886 1261 977 1319 quam
999 1263 1109 1303 numen
1132 1246 1267 1303 secutum

248 1330 422 1391 ambitionis
451 1330 591 1409 insignia.
643 1332 695 1391 boc
723 1349 840 1400 nemus,
870 1332 960 1401 bunc,
991 1333 1098 1405 inquit,
1128 1332 1267 1405 frondoso

202 1435 229 1475 ro
247 1421 351 1479 uertice
378 1421 480 1480 collem
508 1421 588 1493 (quis
615 1421 687 1479 deus
713 1422 857 1480 inecrtmn
884 1421 939 1494 est)
969 1421 1082 1480 habitat
1104 1422 1190 1481 deus:
1218 1422 1268 1479 hic

247 1508 436 1569 manifestius
472 1510 507 1570 fit
543 1529 604 1568 non
637 1509 725 1568 illum
754 1509 926 1570 circumisse
956 1511 1023 1569 loca
1052 1511 1186 1588 singula,
1216 1510 1268 1570 sed

248 1597 478 1675 demonstrasse,
509 1618 574 1657 oum
594 1598 669 1658 dicit
694 1600 750 1659 hoc
778 1618 883 1658 nemus
911 1599 1109 1676 constitutum
1131 1601 1164 1658 in
1187 1600 1267 1658 fron-

247 1686 320 1747 doso
345 1688 429 1748 collis
452 1688 576 1763 vertice;
603 1708 663 1748 non
686 1689 765 1747 enim
787 1689 842 1748 illo
866 1688 1048 1748 ascenderat.
1094 1690 1161 1765 quis
1185 1688 1265 1762 deus,

247 1777 359 1853 inquit,
382 1777 533 1837 inhabitet
555 1779 704 1837 incertum
727 1780 785 1853 est,
810 1776 940 1837 estillic
962 1779 1065 1836 tamen
1089 1778 1171 1838 deus.
1207 1776 1267 1836 Ar·

201 1880 228 1921 rs
247 1866 334 1925 cedes
362 1867 462 1940 ipsum
491 1866 611 1925 credunt
633 1884 664 1925 se
686 1867 807 1936 cidisse,
832 1866 933 1942 deum,
955 1867 1071 1925 Iouem:
1098 1866 1267 1927 Arcadibus

246 1953 310 2014 illic
340 1954 483 2031 apparuit
513 1955 593 2032 quod
624 1955 793 2015 ostenderet
820 1956 921 2030 deum,
951 1957 1067 2015 interea
1097 1957 1268 2016 coniectura

248 2046 384 2103 currente
413 2044 602 2104 credidenmt
628 2045 731 2103 Iovem
761 2063 792 2104 se
820 2045 930 2105 vidisse
953 2048 1149 2122 praesentem.
1195 2045 1268 2104 dicit

247 2133 326 2193 unde
358 2134 415 2193 hoc
448 2132 595 2211 suspicari
630 2133 785 2210 potuerint
811 2135 860 2194 vel
888 2136 966 2195 certe
1004 2135 1150 2211 conicere,
1186 2138 1267 2209 tuno,

247 2222 356 2299 inquit,
375 2243 406 2282 se
424 2223 535 2282 vidisse
554 2222 694 2282 arbitrati
713 2227 796 2298 sunt,
814 2242 881 2283 cum
898 2226 1004 2298 nepita
1022 2229 1182 2284 concuteret
1199 2225 1267 2283 den-

201 2326 229 2365 so
247 2314 295 2370 tru
320 2313 490 2385 nimbosque
519 2314 620 2371 cr'erct:
655 2312 780 2388 proinde
804 2313 878 2390 quia
906 2313 988 2374 Iovis
1018 2315 1154 2391 pluviam
1183 2314 1267 2387 facit,

246 2399 328 2460 Iovis
350 2403 451 2475 tonat,
473 2401 554 2461 Iovis
578 2402 708 2460 fulmina
731 2403 844 2462 emittit
867 2407 897 2462 et
919 2406 991 2462 tunc
1014 2423 1083 2462 oum
1105 2405 1161 2462 boc
1182 2403 1267 2460 fieret

246 2488 329 2549 visus
349 2493 402 2564 est,
421 2492 480 2549 visi
498 2493 569 2550 sunt
587 2490 644 2550 sibi
663 2490 751 2550 deum
769 2491 879 2552 vidisse
897 2494 928 2550 in
947 2493 1022 2568 loco,
1045 2493 1114 2550 inde
1135 2491 1265 2551 credide-

245 2581 318 2638 runt
334 2578 437 2639 Iovem
455 2580 519 2638 illio
538 2581 708 2657 gratissime
727 2583 913 2640 commorari.
947 2582 1017 2640 baec
1035 2582 1093 2640 duo
1110 2585 1328 2654 praetercaett

246 2667 374 2728 disiectis
407 2669 517 2742 oppidu
545 2670 640 2727 muris
668 2669 811 2742 mitonins
841 2674 1024 2742 veterumque
1054 2671 1136 2729 rides
1164 2687 1266 2728 monu-

198 2770 227 2812 rs
244 2761 344 2817 menta
370 2758 516 2817 uirorum:
547 2759 621 2817 haec
649 2758 707 2817 duo
736 2758 849 2834 oppida
876 2779 952 2835 quae
982 2760 1139 2818 ruinarum
1168 2758 1266 2818 labem

245 2866 401 2907 murorum
434 2848 628 2924 dissipatione
660 2850 812 2907 testantur
846 2848 992 2924 reliquiae
1029 2851 1101 2907 sunt
1132 2849 1265 2907 veterum

246 2937 442 2996 conditorum.
495 2938 572 2996 bunc
601 2937 699 2996 Iunus
725 2942 821 3010 pater,
854 2937 930 2995 bunc
958 2937 1108 2996 Saturnus
1138 2936 1267 2995 condidit

246 3042 358 3084 arcem:
379 3027 457 3084 hunc
481 3045 579 3085 arcem
600 3025 705 3100 Ianus,
728 3027 805 3085 hanc
829 3025 964 3085 condidit
988 3024 1143 3085 Saturnus
1180 3025 1266 3084 Iani-

245 3114 345 3174 culum
366 3115 446 3184 bute,
470 3115 516 3173 r'ttn'
537 3116 637 3187 fuerat
658 3115 803 3174 Saturnia
826 3132 945 3174 nomen:
972 3135 1038 3174 cum
1062 3115 1135 3174 dicit
1157 3116 1266 3189 fuerat,

317 3272 334 3320 ὅ
353 3268 495 3335 capitoteu's
507 3266 540 3320 V.
599 3273 615 3321 6
633 3267 740 3322 habitet
757 3267 843 3333 fuisse
856 3266 883 3321 V
896 3268 1058 3323 habitabat?
1076 3270 1182 3322 temere
1195 3269 1264 3322 mut.

245 3338 289 3391 ed.
346 3343 362 3392 8
381 3338 522 3393 habitante
535 3337 561 3390 V
576 3354 644 3393 corr.
660 3338 703 3392 ed.
726 3338 728 3410 t
752 3356 835 3407 quum
850 3338 873 3391 V
893 3342 953 3407 (pro
971 3339 1067 3407 potius
1086 3356 1170 3406 quam
1188 3354 1265 3392 more

244 3409 327 3477 Don.)
347 3426 431 3478 quum
449 3410 492 3462 ed.
515 3408 518 3480 t
540 3416 660 3464 secutum
674 3409 700 3461 V
718 3417 784 3464 esset
803 3410 867 3463 add.
883 3410 926 3464 ed.
980 3416 1013 3463 15
1032 3427 1060 3465 ec
1073 3410 1173 3464 uidisse
1186 3411 1265 3464 deum

245 3481 332 3535 ionem
352 3480 378 3534 V
401 3480 454 3533 edI
481 3481 574 3535 locem
600 3481 653 3535 del.
676 3481 751 3535 edF:
783 3481 863 3536 deum
891 3481 1016 3550 explicat
1042 3482 1146 3549 ipsum,
1174 3482 1265 3535 Iouem

244 3550 349 3604 lemme
367 3553 418 3605 est.
475 3558 508 3606 16
527 3550 669 3606 intercaV
688 3554 719 3605 in
737 3559 811 3607 terre
828 3559 853 3607 et
871 3553 914 3606 ed.
967 3557 1000 3607 19
1018 3569 1098 3621 saepe
1111 3553 1266 3621 uiprantem

245 3623 276 3677 in
294 3621 428 3678 lemmate
447 3623 511 3676 add.
527 3623 580 3689 ed,
596 3623 715 3676 sednon
729 3623 894 3691 explicatur.
959 3629 993 3677 20
1011 3625 1081 3679 iocis
1097 3622 1120 3675 V
1138 3624 1266 3691 luppiter

244 3693 289 3749 ed.
345 3699 378 3747 21
398 3695 473 3749 Iouis
491 3701 569 3749 tonet
587 3711 640 3748 om.
656 3694 726 3748 edF.
756 3694 758 3766 t
785 3698 902 3764 flumina
916 3693 942 3748 V
956 3711 1024 3749 corr.
1040 3694 1083 3749 ed.
1139 3699 1172 3747 22
1190 3695 1267 3749 risus

244 3763 391 3821 cstVedI
408 3765 612 3821 neucestedF.
664 3766 1008 3822 28arcemVurbemed.
1028 3764 1280 3839 thom-Sotim-
1360 3770 1362 3774 ’

244 3853 300 3892 nus
317 3854 371 3892 om.
387 3837 430 3891 ed.
504 3843 537 3891 29
555 3838 621 3893 truie
639 3838 684 3894 r'ttr'
697 3836 722 3894 V
737 3837 793 3894 cdl
811 3839 942 3910 corrupit
961 3839 1039 3896 ees.
