3142 4375
673 484 857 539 icasmos
870 483 923 538 vu
1287 486 1305 550 7

285 655 400 731 inquit,
423 655 496 713 locis
520 654 603 713 lucos
622 653 730 713 habuit
748 652 832 713 circe
851 652 930 711 Solis
948 653 1025 727 filia,
1043 670 1159 728 semper
1176 650 1308 730 vigilans

286 743 383 803 etad
409 742 534 803 insidias
560 762 677 819 semper
697 744 829 817 intenta,
856 760 928 803 voce
951 741 1101 817 decipiens
1122 741 1308 801 nauseantis

285 836 316 892 et
339 831 464 892 odorato
484 831 598 891 lumine
618 831 802 907 temporibus
820 831 925 891 noctis.
963 850 1051 908 quem
1069 848 1129 889 non
1142 829 1310 890 'delectaret

285 940 375 981 sonus
399 922 480 982 vocis
503 922 535 979 in
559 920 740 980 cantilenam
758 920 903 980 deductae
926 923 957 979 et
978 920 1053 980 odor
1073 918 1153 979 cedri
1176 912 1308 979 ardentis

254 1014 316 1070 set
344 1014 464 1088 sperata
494 1011 644 1070 cantantis
674 1008 835 1069 hilaritas?
879 1008 1069 1082 incendebat,
1093 1008 1205 1084 inquit,
1228 1008 1310 1068 cedri

284 1101 441 1160 materiem
458 1099 651 1176 persolutam,
669 1118 746 1175 quae
764 1099 899 1158 naturali
916 1098 1048 1157 fomento
1067 1101 1223 1175 tamquam
1241 1097 1308 1157 oleo

284 1189 406 1250 madida
436 1187 575 1249 incendia
605 1190 673 1264 ipsa
704 1188 865 1248 nutriebat.
916 1187 956 1246 ad
987 1189 1043 1247 hoc
1074 1188 1175 1246 lumen
1207 1186 1309 1246 lanam

285 1278 411 1339 curabat
434 1277 593 1352 ettotam,
620 1279 656 1336 ut
677 1278 805 1355 pervigil
828 1296 891 1337 esse
921 1277 1083 1353 potuisset,
1110 1296 1148 1334 ne
1171 1275 1308 1335 fraudem

284 1368 379 1427 ullam
415 1367 535 1426 oblatae
572 1365 736 1426 occasionis
769 1366 930 1426 amitteret.
983 1366 1160 1443 navigantes
1191 1365 1309 1424 interea

241 1474 266 1513 ro
285 1460 468 1533 oportunum
497 1455 662 1532 hospitium
690 1456 752 1515 rati
783 1474 844 1515 nou
875 1454 1059 1515 iuvabantur
1087 1455 1200 1514 auxilio
1230 1473 1308 1513 com·

285 1547 448 1619 manentis,
471 1544 524 1604 sed
546 1546 615 1604 dolo
639 1544 836 1621 capiebantur
863 1547 895 1603 et
918 1544 1033 1603 fraude.
1078 1545 1146 1603 biue
1172 1544 1310 1602 maudut
1328 1554 1361 1602 15

283 1635 408 1708 pruritus
438 1634 557 1707 iraeque
590 1634 705 1693 teouruu
740 1634 841 1693 uincla
878 1638 1065 1692 recusantum
1098 1637 1123 1691 et
1154 1650 1222 1692 sera
1253 1634 1308 1691 sub

285 1726 366 1781 uoctc
386 1722 543 1782 rudentum
564 1724 754 1797 seuumque
776 1740 845 1782 sues
868 1726 953 1795 atque
975 1723 1009 1780 iu
1031 1723 1226 1795 praesepibus
1242 1723 1309 1781 urst

285 1807 398 1871 saeuire
420 1815 448 1871 ct
467 1813 581 1885 formae
603 1830 778 1887 ruupuorusm
800 1812 918 1871 ululare
943 1813 1092 1885 luporum,
1121 1828 1192 1885 quos
1218 1811 1309 1869 iumi-

241 1915 267 1955 1s
284 1919 356 1960 ueuu
379 1919 413 1960 eu
434 1902 513 1975 facie
535 1902 591 1960 deo
608 1918 699 1960 saeuo
719 1902 887 1975 potentibus
904 1901 1001 1960 herbis
1018 1901 1157 1959 iuduunt
1176 1897 1259 1958 Circe
1276 1901 1309 1958 iu
1327 1912 1361 1960 2ο

284 1991 381 2049 uultus
411 2008 447 2049 uc
476 1994 557 2066 terpc
584 1993 734 2066 ferarum:
784 1989 983 2049 audiebantur
1013 1989 1084 2048 inde
1115 1990 1245 2067 gemitus
1279 1993 1309 2047 et

283 2081 402 2138 leonum
428 2080 624 2139 irascentium
648 2079 839 2158 ferarumque
864 2080 994 2139 aliarum
1019 2078 1189 2157 indignatio
1214 2078 1307 2155 signi·

283 2168 439 2243 fieabatm,
457 2188 518 2228 non
536 2188 613 2245 quas
633 2171 743 2229 natura
760 2169 943 2246 protulerat,
963 2169 1014 2228 sed
1033 2188 1107 2246 quas
1127 2188 1162 2227 ex
1180 2167 1307 2227 homini·

282 2258 339 2318 bus
369 2259 516 2335 pessimae
545 2259 680 2317 fecerant
709 2261 796 2318 artes.
842 2260 889 2317 ira
916 2278 987 2336 ergo
1015 2259 1111 2318 omnis
1134 2257 1309 2335 exagitabat

240 2365 265 2403 ao
283 2350 315 2406 at
337 2366 427 2408 saeva
450 2349 624 2406 commotio:
662 2347 810 2407 fremebat
831 2348 891 2421 leo,
914 2348 978 2406 ursi
1001 2350 1091 2423 atque
1110 2347 1178 2424 apri
1196 2347 1307 2406 saevie-

283 2437 357 2497 bant
386 2438 573 2514 captivitatis
603 2437 715 2496 iniuria
745 2437 886 2496 commoti
913 2439 944 2495 et
970 2437 1036 2512 lupi
1065 2455 1100 2494 ex
1128 2454 1219 2495 causa
1241 2436 1308 2513 pari

285 2525 356 2584 diris
378 2526 545 2585 ululatibus
568 2527 783 2603 personabant,
807 2529 958 2602 postremo
987 2527 1083 2584 omnis
1108 2544 1169 2584 non
1196 2526 1308 2584 ferocia

285 2615 432 2673 naturalis
460 2615 601 2692 urgebat,
630 2615 681 2673 sed
708 2615 850 2674 factionis
873 2615 1026 2675 violentia.
1072 2615 1126 2674 hos
1150 2616 1230 2672 enim
1252 2613 1308 2671 dee

285 2720 387 2776 saeva,
410 2722 477 2762 cum
500 2704 588 2762 deam
610 2723 670 2762 uon
693 2706 866 2763 conveniret
889 2705 997 2762 sectari
1018 2705 1112 2774 mala,
1135 2702 1307 2780 potentibus

239 2807 265 2846 aa
283 2790 385 2849 herbis
408 2792 550 2851 induerat
572 2792 655 2851 Circe
678 2793 710 2850 in
733 2793 837 2852 vultus
860 2811 895 2851 ac
917 2795 1004 2870 terga
1027 2792 1171 2851 ferarum:
1198 2793 1308 2848 natura

284 2881 415 2957 pessima
437 2883 468 2939 et
490 2885 555 2940 arte
578 2881 720 2940 scientiae
744 2881 899 2941 deterioris
918 2882 1066 2941 manacta
1084 2901 1120 2939 ex
1137 2879 1307 2939 hominibus

283 2970 362 3028 ieras
393 2969 531 3028 effecerat
560 2972 748 3030 commutans
779 2974 810 3030 et
839 2990 945 3030 sonum
974 2971 1056 3030 vocis
1089 2973 1119 3029 et
1150 2972 1307 3045 corporum

283 3059 404 3118 formas.
441 3077 516 3133 puae
538 3078 574 3118 ue
596 3063 728 3119 monstra
746 3061 795 3133 pii
812 3064 986 3133 paterentur
1008 3060 1081 3118 tutio
1106 3059 1195 3117 Troes
1218 3059 1308 3117 delati

282 3149 440 3222 rupertus
463 3166 515 3207 uec
539 3149 624 3208 litora
647 3150 716 3208 diro
738 3150 881 3219 subirent,
901 3149 1058 3222 Neptunus
1076 3149 1169 3206 ocutis
1186 3149 1308 3220 iupteuit

354 3371 593 3428 oiueeudebatV
615 3373 754 3427 iucidebat
771 3372 815 3427 ed.
890 3372 1076 3442 epcrsolidas
1094 3369 1119 3424 V
1137 3371 1306 3440 persolidom

282 3443 326 3497 ed.
346 3458 389 3497 an
404 3461 457 3512 per
479 3444 582 3498 solidae
604 3449 712 3498 uestes?
789 3449 961 3512 evaporare
985 3443 1029 3497 ‘les
1051 3444 1209 3511 sepotuisset
1226 3441 1307 3495 Vtut

278 3515 446 3585 percipitare
469 3521 562 3584 posset
551 3514 672 3582 t.ted
710 3515 811 3581 froude
836 3515 924 3569 ullam
1001 3530 1070 3568 corr.
1094 3513 1137 3568 cd.
1221 3519 1254 3566 14
1282 3520 1308 3567 et

281 3587 387 3652 formae
400 3586 426 3639 V
445 3588 517 3652 acf.
537 3584 642 3655 Vergil
657 3515 730 3640 libri.
802 3591 836 3640 15
855 3592 881 3640 et
897 3587 990 3640 uultus
1003 3584 1036 3638 V.
1102 3590 1135 3638 16
1154 3591 1181 3639 et
1198 3585 1306 3638 leonum

282 3656 307 3707 V
326 3663 352 3712 ct
367 3674 424 3712 om.
444 3657 486 3712 ed.
567 3662 600 3710 19
619 3656 704 3712 iroV
722 3659 763 3712 itu
781 3657 825 3712 ed.
899 3662 934 3710 20
952 3657 1085 3724 frerucbat
1102 3655 1182 3710 leoV
1200 3656 1306 3710 teuebat

283 3729 372 3783 leuues
395 3728 439 3782 ed.
512 3734 546 3782 22
569 3729 675 3796 ferocia
692 3728 718 3781 V
740 3730 845 3796 fiducia
869 3728 912 3782 ed
986 3734 1021 3782 24
1038 3729 1118 3782 deaut
1133 3726 1159 3780 V
1178 3728 1249 3780 teuc
1265 3727 1317 3777 ab.

283 3803 316 3851 27
335 3798 450 3854 uocesV
469 3815 538 3854 corr
558 3800 601 3855 ed.
682 3804 716 3853 28
734 3799 866 3866 formeV
887 3816 960 3855 corr
978 3799 1027 3855 cb
1102 3803 1140 3851 aa
1161 3794 1250 3848 aecV
1275 3805 1328 3842 aaa

282 3868 388 3939 Vergil.
408 3869 480 3925 libri.
501 3870 606 3943 Murus
625 3872 750 3930 obtereret
766 3871 803 3930 V.
