3142 4375
673 499 901 556 nummosi
1048 571 1051 578 Ι
1231 502 1295 568 381

280 671 384 731 Leuso
403 670 493 730 denut
514 670 619 730 bebere
636 670 747 729 rnneris
765 673 792 728 et
808 670 913 729 nerine
929 671 1018 744 pipere
1035 669 1156 729 untes:
1178 670 1299 728 scutum

281 762 312 820 et
338 759 456 837 galeam
483 761 614 819 retracta
640 759 721 818 hosti
744 758 822 818 dono
846 757 930 817 dedit
950 758 1013 817 filio
1037 776 1106 834 suo;
1135 757 1299 818 nonenim

280 847 397 908 numini
423 846 566 926 cuiquam
591 848 664 908 haee
691 865 810 908 servare
837 847 940 923 potuit
966 849 1020 907 aut
1046 864 1217 907 consecrare
1245 845 1300 924 qui

282 938 352 999 deos
375 940 562 998 contemnere
585 939 731 1015 perpetua
754 935 956 997 obstinatione
979 936 1132 997 didicerat
1169 952 1222 996 nec
1238 952 1299 995 nen

248 1027 441 1088 eErruntben
467 1026 628 1101 Pbrypiurn
654 1026 832 1100 Paridisque
857 1026 1011 1085 Marsonia
1037 1025 1189 1099 annalem
1213 1026 1298 1085 corni·

281 1120 406 1189 meque:
433 1116 525 1175 etiem
551 1114 605 1175 isti
630 1114 848 1193 intelleguntur
876 1116 975 1175 occisi.
1019 1133 1083 1173 unu
1109 1131 1193 1189 quern
1219 1118 1299 1173 necte

283 1206 402 1265 dbeuno
428 1205 462 1264 in
489 1205 582 1264 luceru
605 1205 730 1279 penitori
751 1202 863 1280 Amyco
890 1205 970 1263 dedit
991 1206 1018 1263 et
1038 1204 1104 1277 fuce
1125 1220 1300 1278 uraepnuns

267 1293 392 1369 ,Cisseis
409 1294 513 1369 rapine
530 1294 634 1353 Perire
652 1297 743 1353 creet:
760 1292 850 1369 [urbe
865 1297 993 1367 paterne
1010 1293 1141 1361 occubat,
1160 1292 1300 1366 unururn
1310 1302 1361 1351 ‘105

282 1383 422 1443 Lernene
441 1382 527 1442 babet
548 1400 602 1442 eru
619 1381 805 1460 MimantuJ:
825 1382 906 1441 ludit
927 1381 1007 1442 inter
1028 1381 1155 1441 duorum
1177 1382 1300 1440 nomina

240 1487 266 1529 re
283 1475 314 1533 et
348 1472 523 1532 nativitates
561 1491 596 1531 ac
631 1473 769 1548 parentes
812 1474 843 1530 et
883 1474 1003 1531 mortes.
1069 1469 1179 1531 oceidit
1220 1471 1300 1529 enim

282 1560 445 1622 Mezentius
473 1561 561 1637 duos,
589 1561 749 1620 Euanthen
777 1562 809 1620 et
831 1560 991 1635 Minanta‚
1020 1560 1073 1637 qui
1099 1558 1218 1619 Paridis
1246 1560 1300 1619 ali·

283 1649 405 1729 quando
432 1650 540 1710 fuisset
567 1649 703 1727 aequalis
725 1653 757 1710 et
778 1668 885 1710 comes.
929 1669 965 1708 ex
987 1648 1109 1708 Theano
1132 1650 1162 1708 et
1184 1648 1299 1725 Amyco

283 1738 359 1800 dicit
375 1740 455 1798 huno
477 1742 595 1815 natum,
618 1739 759 1799 Paridem
781 1757 852 1799 vero
876 1758 912 1797 ex
935 1737 1080 1814 Oisseide‚
1102 1739 1301 1814 posteaquam

282 1829 380 1889 facem
407 1847 438 1888 se
460 1830 609 1906 peperisse
632 1828 808 1905 somniavit,
836 1829 889 1906 qui
911 1826 997 1887 Paris
1019 1828 1053 1885 in
1079 1826 1152 1886 urbe
1174 1830 1300 1904 patema

240 1930 266 1974 re
283 1917 422 1993 occubat,
444 1916 477 1977 id
495 1921 542 1978 est
557 1919 590 1977 in
608 1917 712 1993 Troia,
735 1917 884 1978 Mimante
901 1920 1003 1977 autem
1020 1916 1185 1976 Laurentes
1202 1919 1301 1976 terrae

283 2004 463 2083 exceperunt
481 2006 643 2067 cadentem.
682 2024 719 2067 ue
739 2007 818 2066 reiut
838 2007 888 2066 iile
911 2024 1019 2066 cunum
1039 2023 1141 2066 mersu
1162 2007 1198 2065 de
1219 2022 1301 2065 rnen·

283 2097 361 2156 tibus
383 2096 452 2155 uitis
475 2100 557 2156 uetus
584 2114 668 2170 uper,
695 2096 802 2156 nutus
821 2096 946 2155 Vesulus
967 2112 1052 2170 quern
1068 2096 1184 2169 pinifer
1206 2112 1301 2155 onnes

283 2185 413 2259 defendit
434 2187 573 2246 multosve
591 2187 683 2260 peius
700 2184 869 2246 bumentia
890 2185 967 2246 silea
980 2190 1087 2260 postus
1104 2185 1300 2255 harundineo,
1312 2191 1363 2240 710

285 2274 548 2352 quemadmodum,
574 2275 687 2353 inquit,
720 2293 825 2335 morsu
851 2294 957 2335 canum
983 2275 1135 2335 montibus
1159 2294 1231 2352 aper
1253 2294 1301 2334 ex-

240 2379 267 2420 so
284 2366 398 2440 clusus,
417 2383 507 2442 quem
520 2365 649 2425 Vesulus
667 2382 753 2424 mons
771 2364 869 2441 pineis
888 2364 1045 2425 arboribus
1064 2365 1172 2424 densus
1190 2364 1301 2424 multos

284 2473 338 2531 per
370 2473 463 2514 annos
496 2453 628 2514 defendit
659 2473 695 2514 ae
725 2455 827 2513 tenuit
855 2457 909 2513 aut
937 2454 1024 2530 palus
1054 2452 1198 2513 Laurenti
1225 2454 1301 2513 silva

284 2541 364 2603 eluit
399 2546 491 2619 atque
526 2543 667 2619 nutrivit,
699 2547 857 2617 postquem
890 2544 966 2602 inter
996 2542 1072 2602 retia
1102 2546 1220 2602 rentum
1251 2547 1301 2611 est,

284 2632 410 2692 substitit
438 2633 645 2706 infremuitque
672 2633 756 2705 feror
785 2635 812 2692 et
839 2632 986 2690 inhorruit
1017 2648 1127 2699 annos,
1160 2648 1213 2690 nee
1242 2632 1302 2689 cui·

285 2738 375 2796 quern
396 2722 487 2780 trasei
505 2722 665 2795 montusca
688 2720 822 2781 accedere
844 2721 952 2790 virtus,
975 2720 1026 2779 sed
1048 2720 1155 2779 incude
1177 2720 1302 2793 tutisque

240 2824 268 2867 se
283 2810 386 2884 proced
417 2810 593 2869 stereoribus
623 2810 749 2870 instent:
780 2811 854 2869 bunt
884 2810 970 2869 aliter
999 2809 1095 2868 iustae
1124 2809 1230 2881 quibus
1261 2813 1303 2867 est

284 2900 449 2959 Mezentius
470 2900 546 2967 irae,
565 2916 626 2958 non
642 2899 698 2958 uiti
715 2903 757 2959 est
774 2900 894 2958 unimus
911 2899 1008 2958 stricto
1027 2915 1196 2957 mncurrue
1213 2898 1301 2970 ferro,
1313 2906 1363 2956 tlt

284 2987 446 3047 missilibus
469 2988 551 3062 tenne
574 2991 600 3047 et
621 2992 703 3047 ruste
727 2989 852 3048 eternore
875 2988 1032 3056 iocusunt,
1060 2987 1110 3046 iiie
1137 2990 1235 3046 auten
1257 2988 1303 3046 in·

280 3077 412 3150 paruus
437 3079 534 3150 partis
561 3081 714 3136 cunctetur
739 3078 773 3136 in
799 3077 895 3136 omnis
921 3077 1056 3136 dentibus
1082 3077 1255 3149 infrendens
1277 3081 1303 3136 et

285 3169 362 3240 bryo
398 3165 504 3225 decutit
538 3166 647 3226 husius.
712 3165 964 3242 quemadmodum
1003 3184 1076 3243 aper
1111 3167 1191 3225 inter
1225 3164 1303 3225 retia

359 3322 372 3371 1
396 3319 491 3372 tristes
508 3315 541 3390 V.
615 3323 630 3370 2
649 3315 807 3372 retrectuV
824 3318 975 3373 dirutum
993 3318 1036 3373 ed.
1110 3324 1126 3372 3
1144 3320 1252 3373 nomini
1268 3316 1302 3373 V.

282 3394 303 3445 ,b
321 3390 436 3444 euutben
449 3388 481 3442 V.
504 3388 507 3460 t
530 3390 664 3444 iuuante
679 3387 713 3444 V.
769 3393 785 3442 8
804 3389 895 3444 Parin
913 3390 957 3446 ed.
983 3390 986 3461 t
1011 3391 1145 3444 urbe—9
1160 3391 1304 3446 Mimante

286 3460 366 3514 deest
383 3460 414 3514 in
427 3459 461 3526 V,
476 3460 525 3515 sed
540 3458 703 3527 explicatur.
759 3465 794 3514 10
811 3466 909 3515 mortes
922 3460 948 3514 V
966 3467 1086 3516 nuberes
1105 3462 1147 3516 ed.
1200 3467 1232 3515 11
1252 3463 1303 3516 rni-

286 3538 409 3586 nantum
424 3530 456 3586 V.
513 3537 546 3584 12
561 3532 688 3600 nequdee
696 3530 729 3585 V.
752 3530 755 3602 t
776 3547 810 3586 eu
822 3532 858 3586 tb.
873 3530 899 3584 V
913 3538 939 3586 et
952 3532 995 3586 sd.
1051 3538 1085 3586 13
1100 3533 1233 3602 paudum
1246 3533 1280 3589 V.
1298 3534 1301 3604 Ι

286 3603 402 3659 mutua
414 3600 447 3656 V.
513 3608 546 3658 15
564 3608 653 3658 terroe
671 3619 724 3656 om.
739 3602 782 3657 ed.
848 3606 880 3655 17
895 3604 1024 3672 pinnifer
1037 3603 1070 3656 V.
1140 3608 1174 3657 18
1191 3605 1304 3661 neuu-

286 3691 337 3742 que
350 3673 376 3726 V
394 3675 511 3742 propter
528 3680 578 3729 uut
595 3673 626 3728 in
639 3674 754 3742 interpr.
768 3673 898 3728 rnuiteeue
916 3674 1023 3742 scripsi.
1046 3685 1049 3743 Ι
1069 3677 1135 3742 post
1148 3676 1304 3732 Laurentia

286 3761 343 3799 non
368 3744 497 3812 distinxi,
523 3745 590 3815 quia
615 3745 669 3799 hoo
693 3745 764 3800 Don.
788 3747 887 3799 contra
911 3747 1032 3800 metrum
1058 3763 1122 3800 cnm
1144 3747 1216 3802 enirn
1238 3764 1304 3802 oon-

286 3815 396 3943 titt
410 3816 685 3958 'emittit
698 3817 1088 3963 ⁰⁰¹¹⁵ii⁰iidiiitt⁰fl⁰ssie
1105 3818 1314 3946 sitm*
