<?xml version="1.0" encoding="UTF-8"?>
<!DOCTYPE html PUBLIC "-//W3C//DTD XHTML 1.0 Transitional//EN"
    "http://www.w3.org/TR/xhtml1/DTD/xhtml1-transitional.dtd">
<html xmlns="http://www.w3.org/1999/xhtml" xml:lang="en" lang="en">
 <head>
  <title>
</title>
<meta http-equiv="Content-Type" content="text/html;charset=utf-8" />
  <meta name='ocr-system' content='tesseract 3.04.00' />
  <meta name='ocr-capabilities' content='ocr_page ocr_carea ocr_par ocr_line ocrx_word'/>
</head>
<body>
  <div class='ocr_page' id='page_1' title='image "./tibericlaudidon00unkngoog_0009.png"; bbox 0 0 3142 4375; ppageno 0'>
   <div class='ocr_carea' id='block_1_1' title="bbox 648 507 1282 573">
    <p class='ocr_par' dir='ltr' id='par_1_1' title="bbox 648 507 1282 573">
     <span class='ocr_line' id='line_1_1' title="bbox 648 507 1282 573; baseline -0.006 -11"><span class='ocrx_word' id='word_1_1' title='bbox 648 507 832 562; x_wconf 72' lang='lat' dir='ltr'><strong>Aruernos</strong></span> <span class='ocrx_word' id='word_1_2' title='bbox 846 507 899 561; x_wconf 88' lang='lat' dir='ltr'><strong>vn</strong></span> <span class='ocrx_word' id='word_1_3' title='bbox 1261 510 1282 573; x_wconf 79' lang='lat'>5</span> 
     </span>
    </p>
   </div>
   <div class='ocr_carea' id='block_1_2' title="bbox 199 674 1378 3521">
    <p class='ocr_par' dir='ltr' id='par_1_2' title="bbox 199 674 1378 3521">
     <span class='ocr_line' id='line_1_2' title="bbox 264 674 1284 756; baseline -0.006 -17"><span class='ocrx_word' id='word_1_4' title='bbox 264 677 406 756; x_wconf 78' lang='lat' dir='ltr'><strong>consequi</strong></span> <span class='ocrx_word' id='word_1_5' title='bbox 427 678 529 737; x_wconf 79' lang='lat' dir='ltr'><strong>debuit</strong></span> <span class='ocrx_word' id='word_1_6' title='bbox 551 676 694 754; x_wconf 85' lang='lat' dir='ltr'><strong>cuiusque</strong></span> <span class='ocrx_word' id='word_1_7' title='bbox 718 678 783 736; x_wconf 92' lang='lat' dir='ltr'><strong>erat</strong></span> <span class='ocrx_word' id='word_1_8' title='bbox 805 678 904 735; x_wconf 90' lang='lat' dir='ltr'><strong>totum</strong></span> <span class='ocrx_word' id='word_1_9' title='bbox 927 675 1073 753; x_wconf 89' lang='lat' dir='ltr'><strong>quiequid</strong></span> <span class='ocrx_word' id='word_1_10' title='bbox 1090 695 1144 753; x_wconf 88' lang='lat' dir='ltr'><strong>per</strong></span> <span class='ocrx_word' id='word_1_11' title='bbox 1159 674 1284 734; x_wconf 78' lang='lat' dir='ltr'><strong>Aenean</strong></span> 
     </span>
     <span class='ocr_line' id='line_1_3' title="bbox 262 764 1284 844; baseline -0.004 -17"><span class='ocrx_word' id='word_1_12' title='bbox 262 768 406 827; x_wconf 86' lang='lat' dir='ltr'><strong>Romanis</strong></span> <span class='ocrx_word' id='word_1_13' title='bbox 435 768 524 827; x_wconf 87' lang='lat' dir='ltr'><strong>rebus</strong></span> <span class='ocrx_word' id='word_1_14' title='bbox 556 784 696 844; x_wconf 89' lang='lat' dir='ltr'><strong>prospere</strong></span> <span class='ocrx_word' id='word_1_15' title='bbox 726 765 880 826; x_wconf 85' lang='lat' dir='ltr'><strong>videretur</strong></span> <span class='ocrx_word' id='word_1_16' title='bbox 901 765 1088 841; x_wconf 76' lang='lat' dir='ltr'><strong>feliciterque</strong></span> <span class='ocrx_word' id='word_1_17' title='bbox 1112 764 1284 825; x_wconf 80' lang='lat' dir='ltr'><strong>conlatum?</strong></span> 
     </span>
     <span class='ocr_line' id='line_1_4' title="bbox 263 854 1284 930; baseline -0.005 -13"><span class='ocrx_word' id='word_1_18' title='bbox 263 861 416 917; x_wconf 85' lang='lat' dir='ltr'><strong>aeternam</strong></span> <span class='ocrx_word' id='word_1_19' title='bbox 449 857 580 916; x_wconf 87' lang='lat' dir='ltr'><strong>moriens</strong></span> <span class='ocrx_word' id='word_1_20' title='bbox 614 855 740 930; x_wconf 84' lang='lat' dir='ltr'><strong>famam,</strong></span> <span class='ocrx_word' id='word_1_21' title='bbox 773 854 891 929; x_wconf 81' lang='lat' dir='ltr'><strong>Caieta,</strong></span> <span class='ocrx_word' id='word_1_22' title='bbox 922 854 1047 915; x_wconf 90' lang='lat' dir='ltr'><strong>dedisti:</strong></span> <span class='ocrx_word' id='word_1_23' title='bbox 1084 874 1102 914; x_wconf 89' lang='lat' dir='ltr'><strong>a</strong></span> <span class='ocrx_word' id='word_1_24' title='bbox 1134 854 1284 913; x_wconf 82' lang='lat' dir='ltr'><strong>contrario</strong></span> 
     </span>
     <span class='ocr_line' id='line_1_5' title="bbox 199 943 1285 1024; baseline -0.003 -20"><span class='ocrx_word' id='word_1_25' title='bbox 199 961 201 968; x_wconf 86' lang='lat'>·</span> <span class='ocrx_word' id='word_1_26' title='bbox 262 947 361 1006; x_wconf 90' lang='lat' dir='ltr'><strong>landis</strong></span> <span class='ocrx_word' id='word_1_27' title='bbox 385 948 593 1024; x_wconf 81' lang='lat' dir='ltr'><strong>augmentum3</strong></span> <span class='ocrx_word' id='word_1_28' title='bbox 617 948 690 1003; x_wconf 87' lang='lat' dir='ltr'><strong>tuno</strong></span> <span class='ocrx_word' id='word_1_29' title='bbox 713 944 793 1002; x_wconf 90' lang='lat' dir='ltr'><strong>enim</strong></span> <span class='ocrx_word' id='word_1_30' title='bbox 816 943 911 1004; x_wconf 87' lang='lat' dir='ltr'><strong>erevit</strong></span> <span class='ocrx_word' id='word_1_31' title='bbox 933 945 997 1003; x_wconf 89' lang='lat' dir='ltr'><strong>eius</strong></span> <span class='ocrx_word' id='word_1_32' title='bbox 1019 963 1127 1003; x_wconf 91' lang='lat' dir='ltr'><strong>nomen</strong></span> <span class='ocrx_word' id='word_1_33' title='bbox 1150 943 1285 1003; x_wconf 87' lang='lat' dir='ltr'><strong>etfama</strong></span> 
     </span>
     <span class='ocr_line' id='line_1_6' title="bbox 232 1032 1286 1113; baseline -0.001 -22"><span class='ocrx_word' id='word_1_34' title='bbox 232 1035 385 1113; x_wconf 79' lang='lat' dir='ltr'><strong>equando</strong></span> <span class='ocrx_word' id='word_1_35' title='bbox 406 1036 579 1095; x_wconf 87' lang='lat' dir='ltr'><strong>interventu</strong></span> <span class='ocrx_word' id='word_1_36' title='bbox 600 1033 706 1093; x_wconf 85' lang='lat' dir='ltr'><strong>mortis</strong></span> <span class='ocrx_word' id='word_1_37' title='bbox 730 1033 833 1110; x_wconf 90' lang='lat' dir='ltr'><strong>potuit</strong></span> <span class='ocrx_word' id='word_1_38' title='bbox 854 1032 976 1092; x_wconf 81' lang='lat' dir='ltr'><strong>aboleri.</strong></span> <span class='ocrx_word' id='word_1_39' title='bbox 1014 1033 1095 1109; x_wconf 91' lang='lat' dir='ltr'><strong>quod</strong></span> <span class='ocrx_word' id='word_1_40' title='bbox 1112 1033 1228 1092; x_wconf 86' lang='lat' dir='ltr'><strong>factum</strong></span> <span class='ocrx_word' id='word_1_41' title='bbox 1246 1032 1286 1092; x_wconf 93' lang='lat' dir='ltr'><strong>ad</strong></span> 
     </span>
     <span class='ocr_line' id='line_1_7' title="bbox 262 1121 1285 1199; baseline -0.004 -16"><span class='ocrx_word' id='word_1_42' title='bbox 262 1124 382 1184; x_wconf 82' lang='lat' dir='ltr'><strong>Aeneae</strong></span> <span class='ocrx_word' id='word_1_43' title='bbox 411 1124 531 1184; x_wconf 88' lang='lat' dir='ltr'><strong>laudem</strong></span> <span class='ocrx_word' id='word_1_44' title='bbox 560 1123 667 1199; x_wconf 83' lang='lat' dir='ltr'><strong>procul</strong></span> <span class='ocrx_word' id='word_1_45' title='bbox 696 1122 787 1182; x_wconf 90' lang='lat' dir='ltr'><strong>dubio</strong></span> <span class='ocrx_word' id='word_1_46' title='bbox 817 1124 988 1198; x_wconf 84' lang='lat' dir='ltr'><strong>revocatur,</strong></span> <span class='ocrx_word' id='word_1_47' title='bbox 1017 1122 1071 1199; x_wconf 93' lang='lat' dir='ltr'><strong>qui</strong></span> <span class='ocrx_word' id='word_1_48' title='bbox 1102 1121 1220 1182; x_wconf 82' lang='lat' dir='ltr'><strong>curavit</strong></span> <span class='ocrx_word' id='word_1_49' title='bbox 1247 1141 1285 1179; x_wconf 92' lang='lat' dir='ltr'><strong>ne</strong></span> 
     </span>
     <span class='ocr_line' id='line_1_8' title="bbox 262 1211 1286 1290; baseline -0.005 -16"><span class='ocrx_word' id='word_1_50' title='bbox 262 1216 332 1290; x_wconf 92' lang='lat' dir='ltr'><strong>post</strong></span> <span class='ocrx_word' id='word_1_51' title='bbox 361 1213 475 1273; x_wconf 85' lang='lat' dir='ltr'><strong>altricis</strong></span> <span class='ocrx_word' id='word_1_52' title='bbox 505 1232 576 1271; x_wconf 90' lang='lat' dir='ltr'><strong>suae</strong></span> <span class='ocrx_word' id='word_1_53' title='bbox 605 1212 748 1271; x_wconf 87' lang='lat' dir='ltr'><strong>ultimum</strong></span> <span class='ocrx_word' id='word_1_54' title='bbox 770 1211 869 1271; x_wconf 87' lang='lat' dir='ltr'><strong>fatum</strong></span> <span class='ocrx_word' id='word_1_55' title='bbox 890 1214 991 1271; x_wconf 89' lang='lat' dir='ltr'><strong>totum</strong></span> <span class='ocrx_word' id='word_1_56' title='bbox 1013 1211 1071 1271; x_wconf 91' lang='lat' dir='ltr'><strong>sibi</strong></span> <span class='ocrx_word' id='word_1_57' title='bbox 1092 1212 1199 1271; x_wconf 87' lang='lat' dir='ltr'><strong>mortis</strong></span> <span class='ocrx_word' id='word_1_58' title='bbox 1222 1212 1286 1270; x_wconf 91' lang='lat' dir='ltr'><strong>eius</strong></span> 
     </span>
     <span class='ocr_line' id='line_1_9' title="bbox 263 1300 1285 1376; baseline -0.002 -15"><span class='ocrx_word' id='word_1_59' title='bbox 263 1305 360 1363; x_wconf 88' lang='lat' dir='ltr'><strong>exitus</strong></span> <span class='ocrx_word' id='word_1_60' title='bbox 383 1302 563 1376; x_wconf 84' lang='lat' dir='ltr'><strong>vindicaret,</strong></span> <span class='ocrx_word' id='word_1_61' title='bbox 585 1301 664 1360; x_wconf 92' lang='lat' dir='ltr'><strong>unde</strong></span> <span class='ocrx_word' id='word_1_62' title='bbox 687 1301 801 1360; x_wconf 85' lang='lat' dir='ltr'><strong>faotum</strong></span> <span class='ocrx_word' id='word_1_63' title='bbox 825 1304 871 1359; x_wconf 92' lang='lat' dir='ltr'><strong>est</strong></span> <span class='ocrx_word' id='word_1_64' title='bbox 893 1304 940 1376; x_wconf 87' lang='lat' dir='ltr'><strong>ut,</strong></span> <span class='ocrx_word' id='word_1_65' title='bbox 960 1300 1143 1360; x_wconf 82' lang='lat' dir='ltr'><strong>eontrarium</strong></span> <span class='ocrx_word' id='word_1_66' title='bbox 1160 1304 1285 1359; x_wconf 89' lang='lat' dir='ltr'><strong>naturae</strong></span> 
     </span>
     <span class='ocr_line' id='line_1_10' title="bbox 263 1389 1378 1468; baseline -0.002 -18"><span class='ocrx_word' id='word_1_67' title='bbox 263 1411 340 1468; x_wconf 86' lang='lat' dir='ltr'><strong>quae</strong></span> <span class='ocrx_word' id='word_1_68' title='bbox 363 1392 431 1451; x_wconf 88' lang='lat' dir='ltr'><strong>finis</strong></span> <span class='ocrx_word' id='word_1_69' title='bbox 454 1391 609 1449; x_wconf 91' lang='lat' dir='ltr'><strong>hominum</strong></span> <span class='ocrx_word' id='word_1_70' title='bbox 631 1393 727 1450; x_wconf 91' lang='lat' dir='ltr'><strong>morte</strong></span> <span class='ocrx_word' id='word_1_71' title='bbox 751 1390 916 1465; x_wconf 87' lang='lat' dir='ltr'><strong>oonoludit,</strong></span> <span class='ocrx_word' id='word_1_72' title='bbox 939 1389 1068 1449; x_wconf 89' lang='lat' dir='ltr'><strong>nominis</strong></span> <span class='ocrx_word' id='word_1_73' title='bbox 1092 1390 1200 1449; x_wconf 91' lang='lat' dir='ltr'><strong>saltem</strong></span> <span class='ocrx_word' id='word_1_74' title='bbox 1218 1409 1285 1466; x_wconf 91' lang='lat' dir='ltr'><strong>pro·</strong></span> <span class='ocrx_word' id='word_1_75' title='bbox 1375 1403 1378 1407; x_wconf 83' lang='grc'><em>“</em></span> 
     </span>
     <span class='ocr_line' id='line_1_11' title="bbox 219 1479 1286 1540; baseline 0.003 -5"><span class='ocrx_word' id='word_1_76' title='bbox 219 1496 246 1535; x_wconf 87' lang='lat' dir='ltr'><strong>ro</strong></span> <span class='ocrx_word' id='word_1_77' title='bbox 264 1482 420 1540; x_wconf 75' lang='lat' dir='ltr'><strong>curaretur</strong></span> <span class='ocrx_word' id='word_1_78' title='bbox 448 1479 619 1539; x_wconf 74' lang='lat' dir='ltr'><strong>aeternitas.</strong></span> <span class='ocrx_word' id='word_1_79' title='bbox 665 1482 696 1539; x_wconf 92' lang='lat' dir='ltr'><strong>et</strong></span> <span class='ocrx_word' id='word_1_80' title='bbox 724 1498 806 1537; x_wconf 89' lang='lat' dir='ltr'><strong>nune</strong></span> <span class='ocrx_word' id='word_1_81' title='bbox 835 1483 935 1538; x_wconf 85' lang='lat' dir='ltr'><strong>servat</strong></span> <span class='ocrx_word' id='word_1_82' title='bbox 961 1481 1055 1538; x_wconf 92' lang='lat' dir='ltr'><strong>honos</strong></span> <span class='ocrx_word' id='word_1_83' title='bbox 1079 1480 1179 1538; x_wconf 92' lang='lat' dir='ltr'><strong>sedem</strong></span> <span class='ocrx_word' id='word_1_84' title='bbox 1201 1481 1286 1538; x_wconf 89' lang='lat' dir='ltr'><strong>tuus:</strong></span> 
     </span>
     <span class='ocr_line' id='line_1_12' title="bbox 265 1568 1286 1644; baseline 0 -17"><span class='ocrx_word' id='word_1_85' title='bbox 265 1570 340 1628; x_wconf 87' lang='lat' dir='ltr'><strong>dixit</strong></span> <span class='ocrx_word' id='word_1_86' title='bbox 357 1588 450 1644; x_wconf 88' lang='lat' dir='ltr'><strong>nune,</strong></span> <span class='ocrx_word' id='word_1_87' title='bbox 469 1568 545 1628; x_wconf 85' lang='lat' dir='ltr'><strong>dixit</strong></span> <span class='ocrx_word' id='word_1_88' title='bbox 563 1569 653 1628; x_wconf 91' lang='lat' dir='ltr'><strong>etiam</strong></span> <span class='ocrx_word' id='word_1_89' title='bbox 671 1570 719 1627; x_wconf 91' lang='lat' dir='ltr'><strong>his</strong></span> <span class='ocrx_word' id='word_1_90' title='bbox 737 1569 922 1644; x_wconf 89' lang='lat' dir='ltr'><strong>temporibus</strong></span> <span class='ocrx_word' id='word_1_91' title='bbox 946 1570 1066 1644; x_wconf 91' lang='lat' dir='ltr'><strong>quando</strong></span> <span class='ocrx_word' id='word_1_92' title='bbox 1085 1569 1159 1627; x_wconf 87' lang='lat' dir='ltr'><strong>haee</strong></span> <span class='ocrx_word' id='word_1_93' title='bbox 1178 1568 1286 1627; x_wconf 89' lang='lat' dir='ltr'><strong>seribe-</strong></span> 
     </span>
     <span class='ocr_line' id='line_1_13' title="bbox 264 1657 1286 1735; baseline 0 -19"><span class='ocrx_word' id='word_1_94' title='bbox 264 1658 383 1717; x_wconf 89' lang='lat' dir='ltr'><strong>bantur.</strong></span> <span class='ocrx_word' id='word_1_95' title='bbox 420 1658 472 1718; x_wconf 92' lang='lat' dir='ltr'><strong>sed</strong></span> <span class='ocrx_word' id='word_1_96' title='bbox 494 1658 574 1735; x_wconf 92' lang='lat' dir='ltr'><strong>quod</strong></span> <span class='ocrx_word' id='word_1_97' title='bbox 598 1658 642 1718; x_wconf 87' lang='lat' dir='ltr'><strong>ait</strong></span> <span class='ocrx_word' id='word_1_98' title='bbox 664 1660 695 1717; x_wconf 92' lang='lat' dir='ltr'><strong>et</strong></span> <span class='ocrx_word' id='word_1_99' title='bbox 716 1676 809 1733; x_wconf 87' lang='lat' dir='ltr'><strong>nune,</strong></span> <span class='ocrx_word' id='word_1_100' title='bbox 832 1659 889 1716; x_wconf 89' lang='lat' dir='ltr'><strong>hoe</strong></span> <span class='ocrx_word' id='word_1_101' title='bbox 912 1677 1030 1734; x_wconf 90' lang='lat' dir='ltr'><strong>quoque</strong></span> <span class='ocrx_word' id='word_1_102' title='bbox 1053 1657 1093 1716; x_wconf 85' lang='lat' dir='ltr'><strong>ad</strong></span> <span class='ocrx_word' id='word_1_103' title='bbox 1116 1660 1180 1717; x_wconf 90' lang='lat' dir='ltr'><strong>eius</strong></span> <span class='ocrx_word' id='word_1_104' title='bbox 1198 1658 1286 1716; x_wconf 88' lang='lat' dir='ltr'><strong>meri·</strong></span> 
     </span>
     <span class='ocr_line' id='line_1_14' title="bbox 264 1746 1287 1825; baseline 0 -20"><span class='ocrx_word' id='word_1_105' title='bbox 264 1750 330 1805; x_wconf 88' lang='lat' dir='ltr'><strong>tum</strong></span> <span class='ocrx_word' id='word_1_106' title='bbox 362 1747 487 1822; x_wconf 82' lang='lat' dir='ltr'><strong>aceedit,</strong></span> <span class='ocrx_word' id='word_1_107' title='bbox 523 1750 558 1807; x_wconf 94' lang='lat' dir='ltr'><strong>ut</strong></span> <span class='ocrx_word' id='word_1_108' title='bbox 592 1748 746 1825; x_wconf 84' lang='lat' dir='ltr'><strong>integrum</strong></span> <span class='ocrx_word' id='word_1_109' title='bbox 781 1747 926 1806; x_wconf 80' lang='lat' dir='ltr'><strong>transiret</strong></span> <span class='ocrx_word' id='word_1_110' title='bbox 959 1746 998 1805; x_wconf 94' lang='lat' dir='ltr'><strong>ad</strong></span> <span class='ocrx_word' id='word_1_111' title='bbox 1034 1750 1169 1823; x_wconf 90' lang='lat' dir='ltr'><strong>posteros</strong></span> <span class='ocrx_word' id='word_1_112' title='bbox 1207 1746 1287 1825; x_wconf 91' lang='lat' dir='ltr'><strong>quod</strong></span> 
     </span>
     <span class='ocr_line' id='line_1_15' title="bbox 264 1836 1286 1913; baseline 0 -19"><span class='ocrx_word' id='word_1_113' title='bbox 264 1836 382 1895; x_wconf 89' lang='lat' dir='ltr'><strong>Aeneae</strong></span> <span class='ocrx_word' id='word_1_114' title='bbox 404 1837 587 1913; x_wconf 88' lang='lat' dir='ltr'><strong>temporibus</strong></span> <span class='ocrx_word' id='word_1_115' title='bbox 611 1836 741 1897; x_wconf 80' lang='lat' dir='ltr'><strong>virentis</strong></span> <span class='ocrx_word' id='word_1_116' title='bbox 765 1837 1017 1913; x_wconf 84' lang='lat' dir='ltr'><strong>contemplatione</strong></span> <span class='ocrx_word' id='word_1_117' title='bbox 1041 1839 1194 1895; x_wconf 77' lang='lat' dir='ltr'><strong>serratum</strong></span> <span class='ocrx_word' id='word_1_118' title='bbox 1214 1838 1286 1895; x_wconf 91' lang='lat' dir='ltr'><strong>erat.</strong></span> 
     </span>
     <span class='ocr_line' id='line_1_16' title="bbox 221 1924 1288 1985; baseline -0.001 -1"><span class='ocrx_word' id='word_1_119' title='bbox 221 1936 246 1978; x_wconf 75' lang='lat'><strong>1⁶</strong></span> <span class='ocrx_word' id='word_1_120' title='bbox 265 1929 295 1984; x_wconf 89' lang='lat' dir='ltr'><strong>et</strong></span> <span class='ocrx_word' id='word_1_121' title='bbox 316 1945 396 1985; x_wconf 86' lang='lat' dir='ltr'><strong>nune</strong></span> <span class='ocrx_word' id='word_1_122' title='bbox 419 1928 519 1985; x_wconf 86' lang='lat' dir='ltr'><strong>servat</strong></span> <span class='ocrx_word' id='word_1_123' title='bbox 540 1926 758 1985; x_wconf 89' lang='lat' dir='ltr'><strong>honossedem</strong></span> <span class='ocrx_word' id='word_1_124' title='bbox 780 1927 867 1985; x_wconf 86' lang='lat' dir='ltr'><strong>tuus:</strong></span> <span class='ocrx_word' id='word_1_125' title='bbox 889 1927 984 1985; x_wconf 89' lang='lat' dir='ltr'><strong>honos</strong></span> <span class='ocrx_word' id='word_1_126' title='bbox 1004 1928 1076 1985; x_wconf 90' lang='lat' dir='ltr'><strong>tuus</strong></span> <span class='ocrx_word' id='word_1_127' title='bbox 1097 1924 1189 1983; x_wconf 88' lang='lat' dir='ltr'><strong>etiam</strong></span> <span class='ocrx_word' id='word_1_128' title='bbox 1207 1944 1288 1984; x_wconf 89' lang='lat' dir='ltr'><strong>nune</strong></span> 
     </span>
     <span class='ocr_line' id='line_1_17' title="bbox 264 2014 1287 2092; baseline -0.003 -17"><span class='ocrx_word' id='word_1_129' title='bbox 264 2022 365 2075; x_wconf 84' lang='lat' dir='ltr'><strong>servat</strong></span> <span class='ocrx_word' id='word_1_130' title='bbox 394 2016 506 2089; x_wconf 87' lang='lat' dir='ltr'><strong>sedem,</strong></span> <span class='ocrx_word' id='word_1_131' title='bbox 536 2016 593 2074; x_wconf 88' lang='lat' dir='ltr'><strong>hoe</strong></span> <span class='ocrx_word' id='word_1_132' title='bbox 623 2018 669 2074; x_wconf 90' lang='lat' dir='ltr'><strong>est</strong></span> <span class='ocrx_word' id='word_1_133' title='bbox 699 2014 833 2073; x_wconf 87' lang='lat' dir='ltr'><strong>defertur</strong></span> <span class='ocrx_word' id='word_1_134' title='bbox 860 2015 908 2074; x_wconf 91' lang='lat' dir='ltr'><strong>illi</strong></span> <span class='ocrx_word' id='word_1_135' title='bbox 937 2016 1003 2074; x_wconf 87' lang='lat' dir='ltr'><strong>loeo</strong></span> <span class='ocrx_word' id='word_1_136' title='bbox 1036 2015 1287 2092; x_wconf 80' lang='lat' dir='ltr'><strong>contemplatione</strong></span> 
     </span>
     <span class='ocr_line' id='line_1_18' title="bbox 262 2103 1288 2183; baseline -0.001 -20"><span class='ocrx_word' id='word_1_137' title='bbox 262 2106 384 2164; x_wconf 91' lang='lat' dir='ltr'><strong>honoris</strong></span> <span class='ocrx_word' id='word_1_138' title='bbox 414 2104 462 2163; x_wconf 91' lang='lat' dir='ltr'><strong>tui</strong></span> <span class='ocrx_word' id='word_1_139' title='bbox 491 2107 522 2163; x_wconf 90' lang='lat' dir='ltr'><strong>et</strong></span> <span class='ocrx_word' id='word_1_140' title='bbox 551 2105 593 2164; x_wconf 87' lang='lat' dir='ltr'><strong>sie</strong></span> <span class='ocrx_word' id='word_1_141' title='bbox 623 2103 792 2163; x_wconf 83' lang='lat' dir='ltr'><strong>custoditur</strong></span> <span class='ocrx_word' id='word_1_142' title='bbox 821 2105 885 2163; x_wconf 89' lang='lat' dir='ltr'><strong>eius</strong></span> <span class='ocrx_word' id='word_1_143' title='bbox 912 2104 1087 2183; x_wconf 85' lang='lat' dir='ltr'><strong>integritas,</strong></span> <span class='ocrx_word' id='word_1_144' title='bbox 1113 2107 1150 2164; x_wconf 90' lang='lat' dir='ltr'><strong>ut</strong></span> <span class='ocrx_word' id='word_1_145' title='bbox 1172 2123 1288 2181; x_wconf 89' lang='lat' dir='ltr'><strong>semper</strong></span> 
     </span>
     <span class='ocr_line' id='line_1_19' title="bbox 263 2195 1287 2272; baseline 0 -19"><span class='ocrx_word' id='word_1_146' title='bbox 263 2198 385 2255; x_wconf 89' lang='lat' dir='ltr'><strong>maneat</strong></span> <span class='ocrx_word' id='word_1_147' title='bbox 414 2198 445 2254; x_wconf 92' lang='lat' dir='ltr'><strong>et</strong></span> <span class='ocrx_word' id='word_1_148' title='bbox 473 2195 560 2253; x_wconf 81' lang='lat' dir='ltr'><strong>firma</strong></span> <span class='ocrx_word' id='word_1_149' title='bbox 588 2195 718 2253; x_wconf 90' lang='lat' dir='ltr'><strong>nominis</strong></span> <span class='ocrx_word' id='word_1_150' title='bbox 749 2196 927 2253; x_wconf 85' lang='lat' dir='ltr'><strong>aeternitate</strong></span> <span class='ocrx_word' id='word_1_151' title='bbox 959 2195 1109 2272; x_wconf 86' lang='lat' dir='ltr'><strong>perduret</strong></span> <span class='ocrx_word' id='word_1_152' title='bbox 1160 2213 1287 2272; x_wconf 87' lang='lat' dir='ltr'><strong>ossaque</strong></span> 
     </span>
     <span class='ocr_line' id='line_1_20' title="bbox 263 2283 1287 2362; baseline 0 -20"><span class='ocrx_word' id='word_1_153' title='bbox 263 2303 370 2343; x_wconf 91' lang='lat' dir='ltr'><strong>nomen</strong></span> <span class='ocrx_word' id='word_1_154' title='bbox 398 2283 546 2360; x_wconf 92' lang='lat' dir='ltr'><strong>Hesperia</strong></span> <span class='ocrx_word' id='word_1_155' title='bbox 571 2283 604 2341; x_wconf 91' lang='lat' dir='ltr'><strong>in</strong></span> <span class='ocrx_word' id='word_1_156' title='bbox 631 2301 756 2360; x_wconf 86' lang='lat' dir='ltr'><strong>magna,</strong></span> <span class='ocrx_word' id='word_1_157' title='bbox 779 2283 806 2342; x_wconf 91' lang='lat' dir='ltr'><strong>si</strong></span> <span class='ocrx_word' id='word_1_158' title='bbox 829 2302 889 2360; x_wconf 91' lang='lat' dir='ltr'><strong>qua</strong></span> <span class='ocrx_word' id='word_1_159' title='bbox 912 2287 958 2344; x_wconf 91' lang='lat' dir='ltr'><strong>est</strong></span> <span class='ocrx_word' id='word_1_160' title='bbox 980 2304 1016 2343; x_wconf 86' lang='lat' dir='ltr'><strong>ea</strong></span> <span class='ocrx_word' id='word_1_161' title='bbox 1039 2284 1150 2362; x_wconf 81' lang='lat' dir='ltr'><strong>gloria,</strong></span> <span class='ocrx_word' id='word_1_162' title='bbox 1174 2284 1287 2362; x_wconf 88' lang='lat' dir='ltr'><strong>signat:</strong></span> 
     </span>
     <span class='ocr_line' id='line_1_21' title="bbox 220 2372 1288 2446; baseline 0.001 -15"><span class='ocrx_word' id='word_1_163' title='bbox 220 2382 246 2422; x_wconf 73' lang='lat'><strong>²⁰</strong></span> <span class='ocrx_word' id='word_1_164' title='bbox 263 2373 340 2432; x_wconf 89' lang='lat' dir='ltr'><strong>mira</strong></span> <span class='ocrx_word' id='word_1_165' title='bbox 370 2375 449 2432; x_wconf 90' lang='lat' dir='ltr'><strong>ratio</strong></span> <span class='ocrx_word' id='word_1_166' title='bbox 479 2375 526 2446; x_wconf 92' lang='lat' dir='ltr'><strong>ut,</strong></span> <span class='ocrx_word' id='word_1_167' title='bbox 556 2391 625 2431; x_wconf 89' lang='lat' dir='ltr'><strong>oum</strong></span> <span class='ocrx_word' id='word_1_168' title='bbox 651 2372 807 2432; x_wconf 81' lang='lat' dir='ltr'><strong>viventum</strong></span> <span class='ocrx_word' id='word_1_169' title='bbox 836 2392 943 2432; x_wconf 90' lang='lat' dir='ltr'><strong>nomen</strong></span> <span class='ocrx_word' id='word_1_170' title='bbox 971 2375 1021 2431; x_wconf 83' lang='lat' dir='ltr'><strong>vix</strong></span> <span class='ocrx_word' id='word_1_171' title='bbox 1047 2375 1127 2432; x_wconf 89' lang='lat' dir='ltr'><strong>inter</strong></span> <span class='ocrx_word' id='word_1_172' title='bbox 1153 2373 1288 2432; x_wconf 90' lang='lat' dir='ltr'><strong>homines</strong></span> 
     </span>
     <span class='ocr_line' id='line_1_22' title="bbox 264 2461 1288 2540; baseline 0 -19"><span class='ocrx_word' id='word_1_173' title='bbox 264 2462 365 2521; x_wconf 87' lang='lat' dir='ltr'><strong>valeat</strong></span> <span class='ocrx_word' id='word_1_174' title='bbox 388 2463 529 2535; x_wconf 86' lang='lat' dir='ltr'><strong>eminere,</strong></span> <span class='ocrx_word' id='word_1_175' title='bbox 552 2462 642 2520; x_wconf 89' lang='lat' dir='ltr'><strong>huius</strong></span> <span class='ocrx_word' id='word_1_176' title='bbox 672 2479 740 2521; x_wconf 88' lang='lat' dir='ltr'><strong>ossa</strong></span> <span class='ocrx_word' id='word_1_177' title='bbox 770 2482 824 2537; x_wconf 91' lang='lat' dir='ltr'><strong>per</strong></span> <span class='ocrx_word' id='word_1_178' title='bbox 848 2461 1052 2521; x_wconf 83' lang='lat' dir='ltr'><strong>celebritatem</strong></span> <span class='ocrx_word' id='word_1_179' title='bbox 1074 2462 1203 2522; x_wconf 89' lang='lat' dir='ltr'><strong>nominis</strong></span> <span class='ocrx_word' id='word_1_180' title='bbox 1223 2482 1288 2540; x_wconf 91' lang='lat' dir='ltr'><strong>per-</strong></span> 
     </span>
     <span class='ocr_line' id='line_1_23' title="bbox 265 2550 1289 2628; baseline 0.002 -20"><span class='ocrx_word' id='word_1_181' title='bbox 265 2550 364 2627; x_wconf 91' lang='lat' dir='ltr'><strong>petuis</strong></span> <span class='ocrx_word' id='word_1_182' title='bbox 394 2551 579 2627; x_wconf 90' lang='lat' dir='ltr'><strong>temporibus</strong></span> <span class='ocrx_word' id='word_1_183' title='bbox 609 2569 645 2609; x_wconf 86' lang='lat' dir='ltr'><strong>ae</strong></span> <span class='ocrx_word' id='word_1_184' title='bbox 672 2551 800 2609; x_wconf 83' lang='lat' dir='ltr'><strong>saeculis</strong></span> <span class='ocrx_word' id='word_1_185' title='bbox 823 2551 1039 2626; x_wconf 89' lang='lat' dir='ltr'><strong>praeferantur.</strong></span> <span class='ocrx_word' id='word_1_186' title='bbox 1084 2551 1230 2628; x_wconf 88' lang='lat' dir='ltr'><strong>Hesperia</strong></span> <span class='ocrx_word' id='word_1_187' title='bbox 1257 2553 1289 2610; x_wconf 86' lang='lat' dir='ltr'><strong>in</strong></span> 
     </span>
     <span class='ocr_line' id='line_1_24' title="bbox 266 2639 1289 2718; baseline 0.004 -22"><span class='ocrx_word' id='word_1_188' title='bbox 266 2659 387 2716; x_wconf 80' lang='lat' dir='ltr'><strong>magna:</strong></span> <span class='ocrx_word' id='word_1_189' title='bbox 411 2642 497 2699; x_wconf 86' lang='lat' dir='ltr'><strong>tanta</strong></span> <span class='ocrx_word' id='word_1_190' title='bbox 520 2639 621 2699; x_wconf 90' lang='lat' dir='ltr'><strong>extitit</strong></span> <span class='ocrx_word' id='word_1_191' title='bbox 643 2639 797 2699; x_wconf 82' lang='lat' dir='ltr'><strong>condentis</strong></span> <span class='ocrx_word' id='word_1_192' title='bbox 821 2642 1002 2716; x_wconf 84' lang='lat' dir='ltr'><strong>reverentia,</strong></span> <span class='ocrx_word' id='word_1_193' title='bbox 1025 2644 1129 2700; x_wconf 88' lang='lat' dir='ltr'><strong>tantus</strong></span> <span class='ocrx_word' id='word_1_194' title='bbox 1152 2642 1289 2718; x_wconf 87' lang='lat' dir='ltr'><strong>sepultae</strong></span> 
     </span>
     <span class='ocr_line' id='line_1_25' title="bbox 266 2728 1288 2806; baseline 0.004 -22"><span class='ocrx_word' id='word_1_195' title='bbox 266 2728 374 2802; x_wconf 89' lang='lat' dir='ltr'><strong>honos,</strong></span> <span class='ocrx_word' id='word_1_196' title='bbox 402 2730 492 2788; x_wconf 88' lang='lat' dir='ltr'><strong>utin</strong></span> <span class='ocrx_word' id='word_1_197' title='bbox 514 2746 625 2806; x_wconf 85' lang='lat' dir='ltr'><strong>magna</strong></span> <span class='ocrx_word' id='word_1_198' title='bbox 647 2728 755 2787; x_wconf 85' lang='lat' dir='ltr'><strong>Italiae</strong></span> <span class='ocrx_word' id='word_1_199' title='bbox 782 2729 941 2789; x_wconf 89' lang='lat' dir='ltr'><strong>latitudine</strong></span> <span class='ocrx_word' id='word_1_200' title='bbox 964 2750 1040 2791; x_wconf 91' lang='lat' dir='ltr'><strong>unus</strong></span> <span class='ocrx_word' id='word_1_201' title='bbox 1064 2731 1198 2789; x_wconf 91' lang='lat' dir='ltr'><strong>omnium</strong></span> <span class='ocrx_word' id='word_1_202' title='bbox 1221 2750 1288 2790; x_wconf 89' lang='lat' dir='ltr'><strong>oon-</strong></span> 
     </span>
     <span class='ocr_line' id='line_1_26' title="bbox 222 2819 1290 2897; baseline 0.002 -21"><span class='ocrx_word' id='word_1_203' title='bbox 222 2822 248 2864; x_wconf 67' lang='grc' dir='ltr'><strong>’ὓ</strong></span> <span class='ocrx_word' id='word_1_204' title='bbox 267 2835 369 2876; x_wconf 90' lang='lat' dir='ltr'><strong>sensus</strong></span> <span class='ocrx_word' id='word_1_205' title='bbox 400 2819 569 2894; x_wconf 85' lang='lat' dir='ltr'><strong>gratissime</strong></span> <span class='ocrx_word' id='word_1_206' title='bbox 595 2820 755 2877; x_wconf 90' lang='lat' dir='ltr'><strong>teneretur.</strong></span> <span class='ocrx_word' id='word_1_207' title='bbox 802 2819 829 2877; x_wconf 91' lang='lat' dir='ltr'><strong>si</strong></span> <span class='ocrx_word' id='word_1_208' title='bbox 858 2839 918 2894; x_wconf 89' lang='lat' dir='ltr'><strong>qua</strong></span> <span class='ocrx_word' id='word_1_209' title='bbox 946 2821 991 2878; x_wconf 91' lang='lat' dir='ltr'><strong>est</strong></span> <span class='ocrx_word' id='word_1_210' title='bbox 1018 2839 1054 2878; x_wconf 91' lang='lat' dir='ltr'><strong>ea</strong></span> <span class='ocrx_word' id='word_1_211' title='bbox 1076 2819 1187 2897; x_wconf 86' lang='lat' dir='ltr'><strong>gloria:</strong></span> <span class='ocrx_word' id='word_1_212' title='bbox 1218 2819 1290 2878; x_wconf 86' lang='lat' dir='ltr'><strong>feeit</strong></span> 
     </span>
     <span class='ocr_line' id='line_1_27' title="bbox 266 2905 1289 2984; baseline 0.003 -21"><span class='ocrx_word' id='word_1_213' title='bbox 266 2906 384 2964; x_wconf 88' lang='lat' dir='ltr'><strong>Aeneas</strong></span> <span class='ocrx_word' id='word_1_214' title='bbox 407 2905 488 2982; x_wconf 91' lang='lat' dir='ltr'><strong>quod</strong></span> <span class='ocrx_word' id='word_1_215' title='bbox 510 2905 549 2964; x_wconf 85' lang='lat' dir='ltr'><strong>ad</strong></span> <span class='ocrx_word' id='word_1_216' title='bbox 570 2906 712 2982; x_wconf 84' lang='lat' dir='ltr'><strong>religiosa</strong></span> <span class='ocrx_word' id='word_1_217' title='bbox 736 2907 835 2966; x_wconf 80' lang='lat' dir='ltr'><strong>officia</strong></span> <span class='ocrx_word' id='word_1_218' title='bbox 862 2909 1022 2984; x_wconf 81' lang='lat' dir='ltr'><strong>pertinuit3</strong></span> <span class='ocrx_word' id='word_1_219' title='bbox 1050 2908 1102 2967; x_wconf 91' lang='lat' dir='ltr'><strong>sed</strong></span> <span class='ocrx_word' id='word_1_220' title='bbox 1125 2928 1193 2968; x_wconf 89' lang='lat' dir='ltr'><strong>eum</strong></span> <span class='ocrx_word' id='word_1_221' title='bbox 1215 2909 1289 2967; x_wconf 91' lang='lat' dir='ltr'><strong>nihil</strong></span> 
     </span>
     <span class='ocr_line' id='line_1_28' title="bbox 266 2994 1289 3074; baseline 0.003 -20"><span class='ocrx_word' id='word_1_222' title='bbox 266 2995 378 3054; x_wconf 88' lang='lat' dir='ltr'><strong>mortui</strong></span> <span class='ocrx_word' id='word_1_223' title='bbox 405 2994 538 3053; x_wconf 87' lang='lat' dir='ltr'><strong>sentiant</strong></span> <span class='ocrx_word' id='word_1_224' title='bbox 564 2996 595 3052; x_wconf 90' lang='lat' dir='ltr'><strong>et</strong></span> <span class='ocrx_word' id='word_1_225' title='bbox 622 2997 717 3055; x_wconf 92' lang='lat' dir='ltr'><strong>omnis</strong></span> <span class='ocrx_word' id='word_1_226' title='bbox 747 2996 859 3074; x_wconf 85' lang='lat' dir='ltr'><strong>gloria,</strong></span> <span class='ocrx_word' id='word_1_227' title='bbox 888 2997 1008 3057; x_wconf 87' lang='lat' dir='ltr'><strong>etiamsi</strong></span> <span class='ocrx_word' id='word_1_228' title='bbox 1037 2999 1102 3056; x_wconf 92' lang='lat' dir='ltr'><strong>ulla</strong></span> <span class='ocrx_word' id='word_1_229' title='bbox 1132 3000 1178 3056; x_wconf 90' lang='lat' dir='ltr'><strong>est</strong></span> <span class='ocrx_word' id='word_1_230' title='bbox 1210 2999 1289 3074; x_wconf 88' lang='lat' dir='ltr'><strong>apud</strong></span> 
     </span>
     <span class='ocr_line' id='line_1_29' title="bbox 267 3083 1290 3164; baseline 0.004 -23"><span class='ocrx_word' id='word_1_231' title='bbox 267 3083 415 3159; x_wconf 84' lang='lat' dir='ltr'><strong>homines,</strong></span> <span class='ocrx_word' id='word_1_232' title='bbox 447 3083 558 3142; x_wconf 85' lang='lat' dir='ltr'><strong>oaduea</strong></span> <span class='ocrx_word' id='word_1_233' title='bbox 590 3085 631 3143; x_wconf 91' lang='lat' dir='ltr'><strong>sit</strong></span> <span class='ocrx_word' id='word_1_234' title='bbox 662 3087 693 3143; x_wconf 89' lang='lat' dir='ltr'><strong>et</strong></span> <span class='ocrx_word' id='word_1_235' title='bbox 723 3085 833 3144; x_wconf 88' lang='lat' dir='ltr'><strong>habeat</strong></span> <span class='ocrx_word' id='word_1_236' title='bbox 864 3086 966 3160; x_wconf 79' lang='lat' dir='ltr'><strong>finem,</strong></span> <span class='ocrx_word' id='word_1_237' title='bbox 1002 3087 1075 3162; x_wconf 93' lang='lat' dir='ltr'><strong>quid</strong></span> <span class='ocrx_word' id='word_1_238' title='bbox 1108 3087 1223 3164; x_wconf 85' lang='lat' dir='ltr'><strong>proiirit</strong></span> <span class='ocrx_word' id='word_1_239' title='bbox 1257 3087 1290 3145; x_wconf 94' lang='lat' dir='ltr'><strong>id</strong></span> 
     </span>
     <span class='ocr_line' id='line_1_30' title="bbox 267 3173 1289 3254; baseline 0.003 -23"><span class='ocrx_word' id='word_1_240' title='bbox 267 3174 386 3246; x_wconf 82' lang='lat' dir='ltr'><strong>fecisse,</strong></span> <span class='ocrx_word' id='word_1_241' title='bbox 422 3173 482 3231; x_wconf 91' lang='lat' dir='ltr'><strong>nisi</strong></span> <span class='ocrx_word' id='word_1_242' title='bbox 515 3174 551 3231; x_wconf 92' lang='lat' dir='ltr'><strong>ut</strong></span> <span class='ocrx_word' id='word_1_243' title='bbox 585 3175 743 3234; x_wconf 87' lang='lat' dir='ltr'><strong>satisfieret</strong></span> <span class='ocrx_word' id='word_1_244' title='bbox 770 3176 884 3251; x_wconf 86' lang='lat' dir='ltr'><strong>animo,</strong></span> <span class='ocrx_word' id='word_1_245' title='bbox 913 3177 966 3251; x_wconf 91' lang='lat' dir='ltr'><strong>qui</strong></span> <span class='ocrx_word' id='word_1_246' title='bbox 994 3176 1134 3254; x_wconf 88' lang='lat' dir='ltr'><strong>religioso</strong></span> <span class='ocrx_word' id='word_1_247' title='bbox 1163 3176 1289 3235; x_wconf 82' lang='lat' dir='ltr'><strong>nutricis</strong></span> 
     </span>
     <span class='ocr_line' id='line_1_31' title="bbox 223 3262 1333 3337; baseline -0.002 -16"><span class='ocrx_word' id='word_1_248' title='bbox 223 3269 250 3310; x_wconf 78' lang='lat'><strong>⁸0</strong></span> <span class='ocrx_word' id='word_1_249' title='bbox 267 3281 339 3321; x_wconf 86' lang='lat' dir='ltr'><strong>suae</strong></span> <span class='ocrx_word' id='word_1_250' title='bbox 361 3262 521 3321; x_wconf 88' lang='lat' dir='ltr'><strong>tenebatur</strong></span> <span class='ocrx_word' id='word_1_251' title='bbox 543 3262 684 3322; x_wconf 79' lang='lat' dir='ltr'><strong>adfectu?</strong></span> <span class='ocrx_word' id='word_1_252' title='bbox 729 3268 761 3322; x_wconf 82' lang='lat' dir='ltr'><strong>ot</strong></span> <span class='ocrx_word' id='word_1_253' title='bbox 782 3265 856 3337; x_wconf 79' lang='lat' dir='ltr'><strong>pins</strong></span> <span class='ocrx_word' id='word_1_254' title='bbox 881 3265 1008 3336; x_wconf 78' lang='lat' dir='ltr'><strong>exequiis</strong></span> <span class='ocrx_word' id='word_1_255' title='bbox 1028 3263 1146 3324; x_wconf 81' lang='lat' dir='ltr'><strong>Aeneas</strong></span> <span class='ocrx_word' id='word_1_256' title='bbox 1167 3266 1223 3323; x_wconf 81' lang='lat' dir='ltr'><strong>rite</strong></span> <span class='ocrx_word' id='word_1_257' title='bbox 1245 3283 1289 3324; x_wconf 77' lang='lat' dir='ltr'><strong>so</strong></span> <span class='ocrx_word' id='word_1_258' title='bbox 1317 3272 1333 3319; x_wconf 72' lang='grc' dir='ltr'>ὅ</span> 
     </span>
     <span class='ocr_line' id='line_1_32' title="bbox 268 3352 1289 3431; baseline 0.003 -21"><span class='ocrx_word' id='word_1_259' title='bbox 268 3352 337 3410; x_wconf 76' lang='lat' dir='ltr'><strong>lutis</strong></span> <span class='ocrx_word' id='word_1_260' title='bbox 372 3369 474 3426; x_wconf 79' lang='lat' dir='ltr'><strong>eppere</strong></span> <span class='ocrx_word' id='word_1_261' title='bbox 504 3353 649 3426; x_wconf 78' lang='lat' dir='ltr'><strong>conposito</strong></span> <span class='ocrx_word' id='word_1_262' title='bbox 678 3353 799 3411; x_wconf 78' lang='lat' dir='ltr'><strong>tenneli:</strong></span> <span class='ocrx_word' id='word_1_263' title='bbox 859 3354 1052 3431; x_wconf 83' lang='lat' dir='ltr'><strong>exequiarum</strong></span> <span class='ocrx_word' id='word_1_264' title='bbox 1085 3354 1218 3413; x_wconf 89' lang='lat' dir='ltr'><strong>ordinem</strong></span> <span class='ocrx_word' id='word_1_265' title='bbox 1254 3373 1289 3413; x_wconf 90' lang='lat' dir='ltr'><strong>ae</strong></span> 
     </span>
     <span class='ocr_line' id='line_1_33' title="bbox 267 3441 1289 3521; baseline 0.003 -23"><span class='ocrx_word' id='word_1_266' title='bbox 267 3442 360 3499; x_wconf 91' lang='lat' dir='ltr'><strong>ritum</strong></span> <span class='ocrx_word' id='word_1_267' title='bbox 381 3442 414 3499; x_wconf 91' lang='lat' dir='ltr'><strong>in</strong></span> <span class='ocrx_word' id='word_1_268' title='bbox 438 3441 565 3499; x_wconf 87' lang='lat' dir='ltr'><strong>aliorum</strong></span> <span class='ocrx_word' id='word_1_269' title='bbox 587 3441 740 3501; x_wconf 88' lang='lat' dir='ltr'><strong>funeribus</strong></span> <span class='ocrx_word' id='word_1_270' title='bbox 761 3444 852 3518; x_wconf 86' lang='lat' dir='ltr'><strong>poeta</strong></span> <span class='ocrx_word' id='word_1_271' title='bbox 870 3444 1064 3518; x_wconf 86' lang='lat' dir='ltr'><strong>monstravit,</strong></span> <span class='ocrx_word' id='word_1_272' title='bbox 1083 3462 1209 3521; x_wconf 86' lang='lat' dir='ltr'><strong>eumque</strong></span> <span class='ocrx_word' id='word_1_273' title='bbox 1227 3444 1289 3502; x_wconf 87' lang='lat' dir='ltr'><strong>iarn</strong></span> 
     </span>
    </p>
   </div>
   <div class='ocr_carea' id='block_1_3' title="bbox 270 3610 1321 3828">
    <p class='ocr_par' dir='ltr' id='par_1_3' title="bbox 270 3610 1321 3828">
     <span class='ocr_line' id='line_1_34' title="bbox 341 3610 1288 3682; baseline 0.005 -19"><span class='ocrx_word' id='word_1_274' title='bbox 341 3616 355 3662; x_wconf 89' lang='lat'>1</span> <span class='ocrx_word' id='word_1_275' title='bbox 389 3613 468 3664; x_wconf 74' lang='lat' dir='ltr'><strong>enine</strong></span> <span class='ocrx_word' id='word_1_276' title='bbox 499 3618 614 3679; x_wconf 79' lang='lat' dir='ltr'><strong>quaerat</strong></span> <span class='ocrx_word' id='word_1_277' title='bbox 640 3610 666 3665; x_wconf 91' lang='lat' dir='ltr'><strong>V</strong></span> <span class='ocrx_word' id='word_1_278' title='bbox 698 3614 829 3682; x_wconf 83' lang='lat' dir='ltr'><strong>eninsqne</strong></span> <span class='ocrx_word' id='word_1_279' title='bbox 860 3620 920 3668; x_wconf 81' lang='lat' dir='ltr'><strong>erat</strong></span> <span class='ocrx_word' id='word_1_280' title='bbox 955 3629 1006 3666; x_wconf 88' lang='lat' dir='ltr'><strong>nos</strong></span> <span class='ocrx_word' id='word_1_281' title='bbox 1042 3615 1122 3668; x_wconf 79' lang='lat' dir='ltr'><strong>enine</strong></span> <span class='ocrx_word' id='word_1_282' title='bbox 1153 3621 1212 3668; x_wconf 83' lang='lat' dir='ltr'><strong>erat</strong></span> <span class='ocrx_word' id='word_1_283' title='bbox 1245 3614 1288 3668; x_wconf 90' lang='lat' dir='ltr'><strong>ed.</strong></span> 
     </span>
     <span class='ocr_line' id='line_1_35' title="bbox 270 3680 1298 3751; baseline 0.002 -18"><span class='ocrx_word' id='word_1_284' title='bbox 270 3685 286 3733; x_wconf 81' lang='lat'><strong>2</strong></span> <span class='ocrx_word' id='word_1_285' title='bbox 307 3683 460 3749; x_wconf 77' lang='lat' dir='ltr'><strong>prospicere</strong></span> <span class='ocrx_word' id='word_1_286' title='bbox 479 3680 503 3733; x_wconf 96' lang='lat' dir='ltr'>V</span> <span class='ocrx_word' id='word_1_287' title='bbox 522 3699 652 3751; x_wconf 79' lang='lat' dir='ltr'><strong>prospere</strong></span> <span class='ocrx_word' id='word_1_288' title='bbox 675 3699 744 3736; x_wconf 85' lang='lat' dir='ltr'><strong>corr.</strong></span> <span class='ocrx_word' id='word_1_289' title='bbox 764 3684 808 3737; x_wconf 91' lang='lat' dir='ltr'><strong>ed.</strong></span> <span class='ocrx_word' id='word_1_290' title='bbox 882 3690 898 3737; x_wconf 75' lang='grc' dir='ltr'>ὅ</span> <span class='ocrx_word' id='word_1_291' title='bbox 916 3686 1098 3740; x_wconf 77' lang='lat' dir='ltr'><strong>interventum</strong></span> <span class='ocrx_word' id='word_1_292' title='bbox 1111 3683 1138 3736; x_wconf 91' lang='lat' dir='ltr'><strong>V</strong></span> <span class='ocrx_word' id='word_1_293' title='bbox 1157 3701 1230 3738; x_wconf 80' lang='lat' dir='ltr'><strong>corr.</strong></span> <span class='ocrx_word' id='word_1_294' title='bbox 1246 3687 1298 3736; x_wconf 75' lang='lat' dir='ltr'><strong>ed.</strong></span> 
     </span>
     <span class='ocr_line' id='line_1_36' title="bbox 270 3751 1321 3828; baseline -0.005 -24"><span class='ocrx_word' id='word_1_295' title='bbox 270 3757 305 3805; x_wconf 79' lang='lat'><strong>14</strong></span> <span class='ocrx_word' id='word_1_296' title='bbox 329 3759 466 3808; x_wconf 84' lang='lat' dir='ltr'><strong>eernatnrn</strong></span> <span class='ocrx_word' id='word_1_297' title='bbox 485 3752 511 3805; x_wconf 90' lang='lat' dir='ltr'><strong>V</strong></span> <span class='ocrx_word' id='word_1_298' title='bbox 536 3771 556 3808; x_wconf 84' lang='lat' dir='ltr'><strong>s.</strong></span> <span class='ocrx_word' id='word_1_299' title='bbox 579 3760 639 3809; x_wconf 84' lang='lat' dir='ltr'><strong>erat</strong></span> <span class='ocrx_word' id='word_1_300' title='bbox 663 3755 706 3809; x_wconf 92' lang='lat' dir='ltr'><strong>ed.</strong></span> <span class='ocrx_word' id='word_1_301' title='bbox 730 3771 790 3809; x_wconf 91' lang='lat' dir='ltr'><strong>nos.</strong></span> <span class='ocrx_word' id='word_1_302' title='bbox 882 3761 916 3809; x_wconf 75' lang='lat'><strong>19</strong></span> <span class='ocrx_word' id='word_1_303' title='bbox 946 3759 1043 3828; x_wconf 79' lang='lat' dir='ltr'><strong>stqnnt</strong></span> <span class='ocrx_word' id='word_1_304' title='bbox 1057 3755 1084 3809; x_wconf 74' lang='lat' dir='ltr'><strong>V</strong></span> <span class='ocrx_word' id='word_1_305' title='bbox 1121 3757 1243 3820; x_wconf 66' lang='lat' dir='ltr'><strong>siquam</strong></span> <span class='ocrx_word' id='word_1_306' title='bbox 1267 3751 1321 3799; x_wconf 62' lang='lat' dir='ltr'><strong>en.</strong></span> 
     </span>
    </p>
   </div>
   <div class='ocr_carea' id='block_1_4' title="bbox 269 3814 1340 3952">
    <p class='ocr_par' dir='ltr' id='par_1_4' title="bbox 269 3814 1340 3952">
     <span class='ocr_line' id='line_1_37' title="bbox 269 3814 1340 3950; baseline -0.077 -9"><span class='ocrx_word' id='word_1_307' title='bbox 269 3824 527 3950; x_wconf 51' lang='lat' dir='ltr'><strong>maererepr</strong></span> <span class='ocrx_word' id='word_1_308' title='bbox 545 3825 587 3879; x_wconf 81' lang='lat' dir='ltr'><strong>ed.</strong></span> <span class='ocrx_word' id='word_1_309' title='bbox 652 3831 685 3882; x_wconf 69' lang='lat'><strong>23</strong></span> <span class='ocrx_word' id='word_1_310' title='bbox 705 3828 870 3900; x_wconf 56' lang='lat' dir='ltr'><strong>sepulture</strong></span> <span class='ocrx_word' id='word_1_311' title='bbox 892 3831 1061 3900; x_wconf 61' lang='lat' dir='ltr'><strong>sepulturus</strong></span> <span class='ocrx_word' id='word_1_312' title='bbox 1080 3827 1131 3880; x_wconf 72' lang='lat' dir='ltr'><strong>eu.</strong></span> <span class='ocrx_word' id='word_1_313' title='bbox 1186 3825 1230 3871; x_wconf 76' lang='lat' dir='ltr'><strong>ao</strong></span> <span class='ocrx_word' id='word_1_314' title='bbox 1251 3814 1340 3876; x_wconf 63' lang='lat' dir='ltr'><strong>osteo-</strong></span> 
     </span>
     <span class='ocr_line' id='line_1_38' title="bbox 368 3910 498 3952; baseline -0.031 -1"><span class='ocrx_word' id='word_1_315' title='bbox 368 3910 434 3949; x_wconf 75' lang='lat'><strong>001&#39;1&#39;.</strong></span> <span class='ocrx_word' id='word_1_316' title='bbox 456 3911 471 3950; x_wconf 79' lang='grc' dir='ltr'><strong><em>Θ</em></strong></span> <span class='ocrx_word' id='word_1_317' title='bbox 492 3939 498 3952; x_wconf 89' lang='grc'><strong><em>,</em></strong></span> 
     </span>
    </p>
   </div>
   <div class='ocr_carea' id='block_1_5' title="bbox 0 0 1588 4375">
    <p class='ocr_par' dir='ltr' id='par_1_5' title="bbox 0 0 1588 4375">
     <span class='ocr_line' id='line_1_39' title="bbox 0 0 1588 4375; baseline 0 0"><span class='ocrx_word' id='word_1_318' title='bbox 0 0 1588 4375; x_wconf 95' lang='lat' dir='ltr'><strong> </strong></span> 
     </span>
    </p>
   </div>
  </div>
 </body>
</html>
