3142 4375
656 466 841 522 AENEIDOS
855 466 921 521 VIII
1236 466 1299 533 151

284 639 339 714 qui
361 638 464 715 aliqua
486 635 631 697 violentia
658 636 815 712 patefiunt.
855 653 921 711 erqe
948 636 1101 709 insperata
1127 631 1302 709 curasan

284 729 317 786 ire
340 728 401 786 luce
422 730 539 800 repeule
557 726 760 798 inclusumque
778 742 849 784 eaeo
867 742 939 784 saue
958 728 1043 797 atque
1060 726 1178 783 insueta
1194 724 1302 783 rudere·

284 821 340 875 tem
365 816 489 889 desuper
515 813 635 874 Alcides
661 816 726 873 telis
747 814 865 889 premit.
914 832 984 892 ergo
1013 833 1102 889 quem
1130 812 1305 889 prodiderat

284 906 336 964 lux
358 907 389 964 et
416 924 522 965 cavum
550 904 739 964 concluserat
765 922 872 980 saxum
898 903 1052 980 premebat
1074 902 1193 962 Alcides
1222 903 1304 962 omni

254 1008 390 1073 sgenere
413 994 543 1054 telorum
565 995 631 1054 loco
655 996 686 1053 et
707 991 820 1053 virtute
842 994 987 1070 superior.
1018 993 1071 1051 ille
1093 994 1194 1051 tamen
1217 992 1304 1051 rude-

284 1084 337 1143 bat
358 1085 491 1159 insueta,
514 1083 635 1143 insueta
656 1082 737 1157 ideo,
762 1081 834 1159 qnia
860 1101 1025 1157 numquam
1052 1081 1091 1140 ad
1112 1083 1232 1141 tantam
1254 1100 1304 1140 ne·

285 1174 455 1233 cessitatem
484 1176 616 1233 venerat.
667 1172 774 1231 rudere
806 1169 945 1230 dicuntur
973 1171 1067 1229 ferae:
1095 1172 1306 1231 convenienter

285 1261 377 1321 etiam
403 1262 453 1321 hic
480 1262 586 1321 rudere
610 1262 707 1321 dictus
731 1263 791 1337 est,
814 1260 887 1337 quia
909 1260 1029 1320 semifer
1050 1260 1117 1321 fuit.
1164 1265 1190 1319 et
1210 1260 1367 1319 remutet

284 1353 432 1425 vastisque
454 1351 617 1410 molaribus
640 1351 744 1410 iustat:
767 1350 839 1427 quia
860 1350 937 1409 rami
961 1348 1100 1409 arborum
1117 1350 1247 1409 minores
1267 1348 1306 1408 ad

240 1456 268 1496 re
284 1440 459 1518 inplendam
479 1438 550 1499 Gaci
567 1458 669 1500 necem
686 1440 828 1516 proficere
848 1439 905 1499 soli
923 1457 983 1497 nen
1001 1440 1154 1514 poterant,
1172 1437 1307 1498 instabat

286 1534 317 1589 et
330 1529 495 1589 molaribus
508 1528 635 1607 magnis,
650 1528 765 1589 scilicet
781 1527 939 1589 roboribus
959 1527 1098 1587 arborum
1115 1528 1306 1605 fragmentis·

287 1638 344 1694 que
368 1636 517 1677 saxorum.
547 1619 597 1677 ille
620 1621 718 1677 autera
741 1623 846 1692 (aeque
869 1618 946 1676 euim
963 1617 1039 1692 supa
1056 1618 1119 1675 iam
1136 1634 1225 1691 super
1242 1617 1307 1676 ulla

283 1707 402 1781 pericli)
429 1708 566 1780 faucbus
592 1708 737 1783 iupeulere
762 1708 879 1781 fumum
907 1700 1057 1785 (mirabile
1083 1706 1176 1780 diue)
1204 1706 1308 1764 eeauit

286 1797 462 1869 eusebiique
480 1797 598 1856 demum
620 1797 744 1872 calipiue
762 1814 849 1856 caeca
869 1800 1053 1869 prospectare
1072 1796 1198 1868 eripieris
1215 1795 1307 1855 oeulis

243 1904 268 1945 a
284 1887 481 1961 plernuatque
506 1888 561 1946 sub
592 1889 677 1945 autre
706 1886 881 1959 fumiferam
909 1889 1019 1944 uectem
1051 1885 1212 1943 commistis
1240 1884 1369 1957 ipueabb

287 1977 426 2035 tenebris:
454 1976 507 2035 ille
538 1993 607 2034 cum
637 1976 807 2035 adverteret
834 1975 992 2033 discrimen
1019 1992 1160 2050 praesens
1187 1972 1308 2033 vivendi

287 2065 335 2124 vel
357 2064 494 2143 fugiendi
516 2082 600 2141 spem
623 2064 752 2138 nullam,
770 2064 863 2123 vertit
881 2081 911 2122 se
931 2063 968 2122 ad
992 2080 1028 2122 ea
1050 2063 1161 2139 quibus
1179 2061 1309 2139 putabat

286 2154 445 2215 Herculem
477 2154 584 2214 terreri
617 2154 752 2231 potuisse
785 2154 868 2213 famo
896 2155 987 2229 atque
1013 2152 1141 2212 flammis
1168 2153 1308 2212 universa

287 2245 481 2318 confundens,
502 2247 540 2302 nt
557 2247 660 2320 erepto
678 2243 760 2303 hosti
777 2245 937 2321 prospecta
957 2243 1068 2302 vitaret
1086 2241 1168 2319 qued
1186 2241 1309 2301 videbat

243 2349 270 2389 ae
286 2332 408 2394 instare.
439 2350 500 2391 eeu
518 2333 584 2391 tulit
601 2329 721 2392 Alcides
744 2333 868 2392 areimis:
889 2332 937 2392 his
955 2331 1075 2390 Alcides
1098 2332 1309 2410 magnanimus

287 2421 395 2482 terreri
416 2441 476 2481 nen
503 2423 612 2497 potuit.
663 2439 748 2494 seque
774 2422 838 2496 ipse
859 2438 916 2496 per
942 2422 1038 2494 puceu
1061 2422 1219 2494 praecipiti
1244 2421 1311 2479 iecit

288 2512 381 2570 saltu:
398 2512 485 2570 tanto
504 2510 543 2568 ad
560 2510 709 2569 ultionem
726 2511 843 2571 fervore
862 2528 1025 2587 properans
1041 2508 1112 2569 Gaei
1129 2511 1309 2587 contempsit

288 2599 426 2658 incendia
455 2619 567 2677 perque
596 2599 696 2676 ipsum
726 2599 826 2678 ignem
861 2618 924 2659 sese
955 2599 1122 2676 Intrepidus
1154 2600 1225 2659 iecit
1255 2617 1310 2657 nec

288 2689 387 2765 ipsam
416 2689 475 2748 loci
507 2688 700 2748 altitudinem
728 2691 873 2749 metuens.
928 2705 988 2761 qua
1014 2689 1165 2763 plurimus
1196 2688 1310 2747 uadem

245 2793 270 2834 aa
288 2779 391 2851 fermus
414 2779 475 2853 apii
495 2778 658 2850 nebulaque
674 2779 778 2853 iuqees
796 2795 899 2852 pecus
918 2782 1033 2837 aestuat
1050 2782 1132 2837 alra:
1153 2777 1309 2853 prudentis

290 2866 422 2944 suspIcIe
445 2867 499 2926 illo
522 2866 665 2926 tendebat
687 2866 742 2926 nbi
764 2867 861 2946 caligo
883 2866 990 2942 malor,
1013 2866 1131 2925 densior
1153 2867 1253 2924 fumus
1280 2867 1310 2924 et

289 2956 427 3015 incendia
454 2955 581 3015 fortiora
608 2957 789 3017 crescebant.
839 2957 970 3016 dubitari
997 2957 1077 3013 enim
1103 2975 1163 3014 non
1190 2957 1311 3032 peterat

289 3045 354 3104 illie
376 3046 470 3103 latere
493 3044 701 3121 desperantem
723 3045 775 3105 ubi
798 3045 937 3104 fortiores
964 3044 1093 3103 insidiae
1120 3043 1309 3120 superabant.

289 3135 337 3193 bie
360 3132 472 3193 Cacueu
494 3134 527 3192 iu
550 3135 674 3194 tenebris
696 3135 835 3194 iueeudia
856 3152 937 3193 eaua
959 3137 1118 3193 euueutera
1141 3134 1261 3206 corripit
1278 3135 1372 3195 iuteo

245 3237 273 3278 se
291 3223 400 3282 eodum
423 3224 579 3296 conplexus
601 3221 646 3299 [et
664 3224 746 3299 eupit
762 3224 919 3282 inhaereres
937 3223 1022 3282 elisos
1041 3223 1138 3281 oculu
1155 3226 1181 3280 et
1203 3223 1312 3281 siecum

290 3313 436 3386 sanquine
455 3311 588 3388 putturJ:
611 3332 679 3371 cum
700 3332 761 3372 non
783 3312 935 3372 videretur
958 3313 990 3370 in
1013 3311 1156 3386 tenebris,
1184 3331 1237 3387 per
1260 3329 1309 3371 eas

290 3400 416 3460 insidias
440 3404 547 3476 captus
571 3405 616 3462 est
639 3402 747 3478 quibus
770 3419 801 3460 se
825 3403 998 3478 speraverat
1026 3419 1192 3460 evasurum.
1243 3419 1312 3459 eum

364 3571 466 3625 tideo
485 3569 512 3624 V
539 3571 648 3640 quidem
672 3570 716 3626 ed.
795 3573 930 3640 'lfaerac
949 3570 984 3625 V.
1057 3575 1090 3623 10
1112 3572 1242 3638 perficere
1267 3569 1309 3623 ed.

293 3647 325 3696 11
340 3642 561 3711 praementisque
576 3659 707 3697 sexuum
722 3641 747 3695 V
764 3643 978 3712 frequentisque
995 3659 1016 3696 s.
1035 3658 1086 3695 nos
1100 3642 1312 3710 praeruptisque

291 3730 313 3767 s.
332 3714 449 3768 molibus
467 3712 511 3768 ed.
580 3714 788 3781 leperistere
805 3713 848 3768 ed.
918 3719 950 3766 17
969 3712 1051 3768 eclV
1070 3719 1095 3767 et
1113 3713 1156 3766 ed.
1222 3717 1257 3765 18
1274 3719 1315 3764 ta-

291 3786 353 3838 ucri
371 3784 413 3838 ed.
470 3789 503 3838 23
520 3801 623 3854 perque
640 3786 732 3854 ipsum
749 3783 1092 3856 iqucthemeremut.
1105 3784 1155 3837 ab.
1202 3787 1244 3832 aa
1264 3785 1335 3830 et-

293 3859 326 3908 31
344 3861 441 3925 puber
458 3855 538 3911 deest
554 3856 584 3910 in
600 3855 632 3926 V,
652 3856 704 3914 sed
723 3857 897 3930 explicatur.
