3142 4375
565 572 569 579 .
663 526 845 582 annnmos
864 526 916 581 xn
1234 530 1299 596 587

281 697 391 772 rapuit,
409 714 480 772 pars
493 694 656 755 missilibus
669 694 739 755 telis
752 714 858 755 manus
873 696 1004 755 armavit
1017 696 1128 756 vadens
1142 696 1175 755 in
1188 696 1301 755 bellum

281 787 345 844 sine
366 788 504 861 respectu
527 785 707 844 discriminis
731 786 788 844 sui.
820 802 892 857 meos
914 787 1035 860 nomiae
1060 790 1161 845 ceretro
1180 796 1363 859 prom-280

280 879 351 933 ruat
372 875 572 943 Laurentum,
599 875 667 933 binc
689 874 773 933 densi
799 891 906 933 rursus
927 874 1078 934 inuadant
1099 876 1190 934 Troes
1211 872 1302 949 Asyl-

281 964 390 1037 lim'oree
413 968 440 1022 et
450 965 541 1037 pictis
558 960 693 1023 Arcades
716 964 824 1023 armis:
844 964 888 1022 se'c
907 965 1002 1023 omnis
1020 982 1104 1022 umor
1121 982 1201 1023 ersus
1217 965 1303 1023 babet

247 1068 261 1108 e
280 1053 431 1111 decernere
444 1055 538 1126 ferro:
556 1053 731 1112 factumest
745 1073 801 1130 per
813 1053 971 1112 Iuturnam
989 1052 1070 1129 quod
1083 1054 1159 1112 luno
1177 1053 1301 1112 manda·

280 1142 338 1217 vit;
359 1162 431 1201 narn
455 1143 485 1200 et
507 1142 620 1200 bellum
643 1142 806 1201 conflatum
829 1145 875 1201 est
897 1144 928 1201 et
949 1141 1054 1201 foedus
1078 1161 1247 1217 excussum,
1269 1142 1302 1200 in

279 1232 398 1289 tantum
421 1234 457 1289 ut
478 1251 540 1290 una
563 1230 659 1291 omnis
677 1231 834 1309 pugnandi
856 1231 1004 1290 sententia
1021 1232 1168 1291 tenuisset
1187 1235 1219 1291 et
1235 1234 1301 1291 toto

279 1337 380 1379 amore
404 1322 597 1397 quaereretur
615 1321 696 1396 quod
719 1320 878 1380 constabat
900 1339 962 1380 esse
985 1322 1181 1397 contrarinm3
1204 1320 1301 1380 omnis

279 1410 360 1467 enim
377 1428 480 1487 pugna
503 1410 567 1468 sine
589 1409 735 1487 sanguine
758 1409 851 1468 etiam
867 1412 962 1485 ipsius
981 1409 1103 1469 victoris
1123 1429 1183 1469 non
1201 1412 1303 1485 potest

224 1515 259 1555 ιο
279 1499 431 1574 explicari.
477 1498 632 1558 decernere
663 1501 765 1557 autem
796 1501 875 1558 ferro
906 1498 980 1576 quid
1007 1502 1052 1559 est
1079 1500 1138 1559 nisi
1165 1501 1302 1575 apertum

278 1586 378 1646 subire
401 1586 580 1647 discrimen?
614 1589 763 1662 diripuere
786 1606 875 1648 cros:
904 1588 1019 1647 caecati
1045 1588 1145 1647 furore
1167 1587 1302 1647 certandi

278 1677 463 1752 diripiebant
481 1694 548 1737 aras
567 1695 627 1735 non
641 1677 863 1737 considerantes
880 1678 912 1735 in
930 1678 998 1755 ipsa
1016 1677 1212 1755 dissipatione
1230 1676 1300 1737 deos

277 1766 375 1842 magis
403 1766 514 1825 offendi
543 1785 634 1842 quam
664 1767 801 1843 gramina
831 1766 941 1843 quibus
973 1767 1094 1826 fuerant
1121 1768 1300 1842 instructs03

277 1857 341 1913 iam
364 1856 443 1914 enim
461 1856 597 1931 ipsarum
615 1856 800 1915 consecratio
821 1857 993 1915 cucurrerat
1010 1855 1180 1915 iurantibus
1198 1855 1301 1915 Aenea

224 1958 257 2001 ro
277 1945 309 2003 et
322 1943 441 2018 Latino,
455 1943 634 2004 ministratis
649 1947 750 2004 autem
767 1964 822 2020 per
837 1944 1005 2005 sacerdotes
1022 1945 1081 2005 rite
1100 1944 1300 2005 sollemnibus.

277 2035 302 2091 e't
323 2037 378 2091 toto
406 2034 525 2092 turbido
552 2034 630 2093 coelo
657 2038 813 2107 tempestus
839 2035 961 2093 alacre
988 2052 1024 2093 uc
1049 2037 1164 2107 ferrers
1189 2035 1302 2108 tepuit

277 2123 386 2180 baba:
413 2121 559 2182 volabant
579 2123 642 2182 tela
669 2122 829 2183 stridentia
855 2125 888 2182 in
909 2125 1098 2202 tempestatis
1124 2123 1247 2183 modum
1270 2125 1301 2181 et

276 2211 419 2270 imbrium
449 2231 571 2271 morem.
608 2217 794 2286 aaronque
819 2215 954 2288 focosque
980 2217 1094 2287 seram:
1126 2213 1301 2273 auferebant
1309 2220 1362 2270 285

276 2300 398 2377 properi
416 2320 494 2378 quae
508 2301 619 2360 dudum
643 2305 811 2362 necessaria
830 2302 922 2362 sacris
941 2304 1115 2363 attulerant.
1146 2303 1223 2377 fucit
1237 2304 1300 2376 ipse

224 2406 257 2449 so
276 2389 408 2448 Latinus
417 2390 552 2464 pulsnm
569 2392 700 2464 referens
714 2393 821 2465 infecto
837 2392 952 2465 foedae
965 2393 1062 2451 dicos:
1084 2391 1211 2451 Latinus
1230 2410 1299 2451 vero

276 2478 435 2557 religiosus
454 2480 485 2537 et
502 2482 603 2557 gravis
621 2479 756 2557 fugiebat
774 2480 813 2539 ad
831 2483 900 2540 tuta
917 2482 1047 2540 referens
1066 2481 1136 2540 deos
1155 2480 1299 2556 pulsatos,

276 2587 314 2626 ne
334 2568 482 2628 deteriora
499 2571 687 2644 paterentur,
705 2569 792 2627 nulla
804 2569 920 2629 interea
936 2570 1063 2629 foederis
1076 2572 1214 2646 pactione
1232 2589 1299 2645 per·

276 2658 363 2715 fecta.
414 2661 515 2733 potest
545 2658 682 2735 intellegi
712 2658 851 2734 pulsatos
883 2678 951 2718 cum
985 2677 1053 2718 arae
1090 2658 1299 2734 diriperentur,

275 2747 377 2822 potest
394 2746 490 2805 rideri
503 2747 639 2822 pulsatos
652 2748 684 2805 in
703 2765 737 2806 eo
757 2747 840 2822 quod
856 2749 970 2823 prolati
988 2748 1026 2807 ad
1045 2748 1299 2806 confirmationem

223 2851 255 2895 rs
275 2835 404 2894 foederis
428 2834 592 2911 contempti
615 2839 692 2894 sunt.
728 2837 884 2909 infrenent
898 2837 959 2896 *alii
977 2855 1082 2896 currus
1104 2841 1159 2896 eat
1177 2854 1299 2910 corporo

274 2925 355 2983 sotter
372 2924 521 2981 subiciunt
537 2925 570 2982 tre
589 2942 674 2998 eprros
693 2929 719 2982 et
736 2925 844 2984 strictis
863 2927 981 2984 casibus
1000 2927 1123 2984 adseret:
1146 2927 1218 3000 quia
1232 2944 1299 3001 spes

274 3011 403 3072 foederis
425 3013 536 3071 multos
560 3012 598 3070 ab
621 3033 770 3072 armorum
797 3032 869 3073 cura
896 3014 1087 3088 dissolverat,
1116 3014 1175 3073 alio
1198 3033 1299 3073 rernm

275 3101 357 3160 exitu
381 3101 505 3160 excitati
528 3102 580 3160 alii
602 3102 795 3162 infrenabant
821 3122 938 3177 onnus,
966 3104 1020 3163 alii
1042 3105 1123 3163 saltu
1149 3105 1182 3161 in
1206 3122 1298 3181 equos

274 3191 356 3250 facto
387 3189 583 3266 expeditiores
614 3190 739 3250 aderant
768 3192 883 3251 eductis
913 3192 1023 3270 gladiis
1055 3196 1086 3251 et
1114 3192 1230 3268 paratis
1260 3192 1298 3252 ad

223 3297 254 3340 so
273 3297 386 3338 necem.
409 3279 570 3352 Messapus
583 3297 678 3354 rerem
690 3281 824 3354 recteque
836 3282 952 3355 tuaque
960 3286 1105 3356 parentem
1114 3282 1298 3355 Tyrrhenum
1307 3289 1360 3339 290

273 3367 416 3428 Aulestes
434 3367 454 3441 †
472 3368 580 3426 auidus
597 3368 775 3441 confundere
792 3370 896 3442 foedus
915 3372 1038 3429 adraso
1052 3375 1196 3444 proterret
1213 3387 1299 3443 eque:

348 3508 362 3555 1
391 3502 492 3556 cederes
514 3501 540 3554 V
567 3501 602 3555 cf.
632 3507 683 3555 313
715 3503 819 3558 cedens
846 3503 919 3557 edl'.
1007 3510 1023 3558 3
1050 3505 1236 3574 nobiliorque
1263 3505 1296 3560 V.

273 3581 290 3629 5
314 3573 496 3628 maudaverat
519 3572 561 3627 ed.
640 3577 656 3625 9
682 3575 763 3627 etiarn
790 3591 843 3628 om.
866 3575 909 3628 ed.
984 3581 1018 3628 14
1035 3577 1093 3629 iam
1150 3592 1206 3631 acu
1226 3577 1269 3630 ed.
1290 3577 1295 3649 Ι

272 3643 613 3701 aeaoeoeVAeueoeed
630 3644 798 3698 Acerranos.
854 3650 887 3698 19
902 3648 1017 3715 properi
1035 3646 1147 3700 omed.
1204 3653 1238 3700 24
1256 3649 1297 3702 ri·

271 3717 336 3772 deri
347 3713 507 3784 Ve'utelb'pi
519 3714 562 3768 ed.
599 3719 633 3767 25
648 3716 933 3770 conantchorred,
972 3717 1298 3785 e1aoidusccnfuadere

271 3787 299 3842 V
314 3786 371 3840 ed:
390 3786 445 3839 hoc
463 3802 527 3838 cum
544 3784 779 3853 interpretatione
799 3787 959 3856 discrepare
977 3790 1073 3857 patet„
1090 3805 1166 3856 quoe
1185 3790 1307 3841 aeidum

271 3857 374 3929 poscit,
385 3856 472 3923 idque
487 3871 504 3909 a
518 3854 688 3924 quibusdam
702 3856 810 3912 lectum
825 3874 887 3914 esse
900 3857 1021 3914 Servius
1030 3859 1145 3912 tradit·¹
1157 3853 1314 3920 ergonxst

266 3928 399 3982 Donatus
411 3927 579 3994 ceafmedere
590 3946 645 3998 pro
660 3931 848 3989 committere
858 3933 1057 4002 acceperuut·⁸
1072 3940 1197 3982 ornnem
1202 3921 1314 3982 annos*
