3142 4375
663 512 846 569 aunumos
864 512 916 566 x11
1232 516 1298 582 599

278 679 363 740 etin
387 682 471 741 aliud
492 685 610 759 tempus
634 681 758 742 differre.
800 681 907 740 laudat
929 682 1086 761 Iapygem,
1110 683 1191 759 quod
1213 702 1297 743 revo-

278 770 366 830 candi
388 773 484 848 patris
508 790 597 831 causa
619 773 697 831 hanc
719 773 816 831 artem
834 791 927 848 quam
948 776 1073 848 propter
1090 772 1165 832 alios
1188 772 1300 832 maluit

277 860 376 937 sequi,
395 862 470 921 scire
489 881 581 937 quam
599 862 659 921 vim
680 860 816 939 singulae
834 860 943 920 herbae
961 861 1092 921 habeant
1109 865 1140 920 et
1157 862 1298 939 quemad·

276 950 401 1009 modum
422 950 558 1010 homines
581 953 731 1010 curentur.
768 950 911 1028 quoniam
933 952 1063 1027 repetita
1085 952 1208 1029 longam
1230 970 1297 1010 nar·

239 1057 255 1097 5
276 1040 425 1098 rationem
443 1040 570 1115 faciunt,
593 1041 671 1099 mira
688 1058 761 1099 usus
781 1041 828 1099 est
845 1043 911 1099 arte
928 1039 1085 1114 referendi,
1102 1043 1138 1099 ut
1155 1060 1298 1119 magnum

277 1126 385 1187 vitium
400 1129 569 1188 declinaret.
599 1128 719 1188 induxit
732 1130 813 1188 onim
825 1128 999 1206 Apollinem
1013 1130 1191 1206 magishum
1205 1131 1297 1189 fuisse

275 1217 414 1295 Iapygis,
433 1238 549 1293 verum,
568 1237 635 1277 cum
653 1216 766 1278 artium
784 1237 894 1296 genera
911 1221 1098 1296 percurreret
1114 1236 1191 1294 quae
1210 1219 1297 1279 dilec-

274 1305 393 1365 tissimo
417 1306 562 1383 discipulo
585 1307 796 1382 tradebantur,
824 1326 883 1366 non
906 1308 1002 1367 omnis
1026 1308 1212 1366 enumeravit
1234 1327 1297 1368 esse

275 1395 460 1471 propositas,
492 1415 543 1470 ne,
575 1416 642 1456 cum
671 1397 803 1456 venisset
830 1398 869 1455 ad
897 1416 946 1455 eas
970 1415 1045 1473 quas
1068 1396 1165 1473 Iapyx
1192 1396 1297 1456 ceteris

223 1502 254 1543 ιο
274 1486 434 1561 praetulit,
457 1503 573 1545 necesse
596 1489 675 1545 esset
696 1487 807 1544 iterum
826 1504 876 1545 eas
896 1486 998 1545 dicere.
1031 1485 1107 1546 ahos
1126 1485 1220 1563 igitur
1236 1487 1298 1544 tra·

274 1574 355 1633 ditas
374 1574 458 1649 dixit,
481 1574 557 1634 alias
571 1594 641 1634 vero
660 1576 811 1651 praelatas
832 1574 948 1650 ceteris,
966 1578 1001 1634 ut
1019 1576 1188 1635 ostenderet
1206 1572 1299 1633 etiam

274 1664 358 1740 ipsas
381 1662 553 1740 Apollinem
577 1664 727 1740 docuisse;
758 1664 856 1741 Iapyx
882 1664 960 1722 enim
983 1664 1121 1723 hasnon
1143 1662 1299 1724 habuisset

273 1752 467 1830 praecipuas,
489 1752 548 1813 nisi
571 1754 643 1830 quia
667 1755 697 1812 et
719 1754 801 1830 ipsas
819 1752 940 1812 Phoebo
962 1754 1085 1813 docente
1108 1756 1298 1830 cognoverat.

275 1844 395 1901 secutus
419 1844 465 1901 est
487 1861 558 1920 ergo
580 1862 641 1902 non
663 1843 718 1902 illa
737 1861 813 1919 quae
836 1842 954 1919 placere
978 1842 1100 1902 auribus
1115 1846 1246 1920 ¹possent
1268 1846 1299 1901 et

223 1950 254 1993 rs
274 1930 454 1991 chordarum
477 1931 557 1991 sonis
580 1932 710 1991 mulcere
733 1931 849 1991 animos
871 1931 957 2010 vulgi
978 1932 1028 1991 vel
1050 1951 1128 2007 quae
1150 1931 1298 1990 bellorum

273 2021 415 2098 periculis
445 2019 643 2080 miscerentur
672 2023 726 2079 aut
755 2021 858 2080 futura
887 2020 1105 2098 praedicerent,
1134 2020 1186 2079 sed
1217 2020 1298 2095 quod

273 2110 415 2185 prodesse
432 2113 534 2185 posset
552 2112 705 2170 morituris
725 2111 779 2168 aut
797 2112 923 2170 mortuis
943 2112 973 2169 et
989 2110 1146 2170 subvenire
1160 2109 1298 2168 laboran-

273 2198 364 2258 tibus
395 2199 515 2274 maluit,
539 2199 651 2275 inquit,
674 2200 729 2259 has
748 2199 822 2259 artis
846 2202 910 2259 sine
928 2201 1059 2277 periculo
1078 2201 1166 2276 sequi
1184 2200 1298 2258 nullam

274 2286 419 2363 adpetens
442 2307 477 2346 ex
494 2288 651 2348 inutilibus
670 2288 806 2366 gloriam.
838 2291 938 2349 mutas
961 2290 1036 2349 artis
1054 2289 1131 2348 dixit
1150 2308 1223 2367 quas
1246 2288 1299 2347 ille

223 2396 254 2438 ro
273 2376 382 2434 habuit
404 2379 554 2453 praelatas
572 2381 696 2455 propter
717 2378 787 2437 illas
810 2379 843 2436 in
867 2379 974 2454 quibus
993 2398 1051 2439 vox
1074 2381 1228 2455 spectatur
1246 2380 1300 2437 aut

274 2484 374 2526 sonus.
406 2467 506 2526 valere
526 2470 626 2527 autem
643 2467 814 2545 proferendi
832 2467 890 2526 fati
907 2470 1003 2526 artem
1025 2486 1085 2526 non
1103 2468 1160 2526 hoc
1177 2468 1300 2526 tantum

273 2556 341 2614 loco
364 2555 517 2634 Vergilius
540 2556 686 2632 adsemit,
711 2557 764 2616 sed
787 2555 861 2615 alibi
883 2557 979 2616 multo
1002 2557 1123 2631 melius,
1154 2574 1226 2614 nam
1248 2553 1298 2614 hio

273 2643 351 2703 dixit
372 2664 459 2720 posse
482 2643 560 2720 fieri,
589 2645 621 2703 in
651 2647 777 2723 septimo
808 2647 910 2703 autem
932 2646 1010 2704 libro
1033 2647 1146 2705 factum
1177 2662 1240 2704 esse
1269 2647 1300 2702 et

273 2733 422 2810 profuisse
452 2733 610 2811 perscribit
640 2734 739 2794 dicens
769 2726 865 2816 (765)
898 2753 1051 2812 „namque
1083 2735 1185 2793 ferunt
1216 2734 1299 2792 foma

223 2840 254 2882 ro
273 2822 488 2900 Hippolytum,
511 2826 673 2899 postquam
696 2825 759 2882 arte
782 2841 926 2883 novercae
950 2824 1100 2882 occiderat
1120 2824 1298 2900 patriasque

274 2913 410 2989 explorat
428 2914 574 2990 sanguine
588 2931 700 2988 poenas
714 2911 845 2971 turbatis
859 2911 1020 2972 distractus
1035 2912 1130 2988 equis,
1146 2912 1185 2972 ad
1199 2911 1299 2971 sidera

273 3019 378 3059 rursus
402 3001 535 3060 aetheria
558 3003 589 3060 et
607 3020 729 3077 superas
748 3002 825 3060 caeli
843 3002 959 3061 venisse
978 3001 1033 3062 sub
1052 3020 1139 3061 auras
1158 3001 1297 3060 Paeoniis

273 3092 448 3150 revocatum
466 3089 565 3149 herbis
586 3091 616 3148 et
634 3108 734 3149 amore
747 3088 896 3150 Dianae“.
925 3093 1024 3151 stabat
1041 3092 1147 3150 acrba
1159 3093 1297 3164 fremere,

273 3180 417 3253 tepentem
440 3179 529 3237 uiuos
551 3180 584 3237 to
606 3180 722 3238 hostum
739 3177 871 3248 Aeneas,
893 3198 1000 3255 mopoo
1018 3181 1157 3239 iuuenum
1176 3183 1202 3238 et
1218 3196 1297 3238 mae·

223 3286 254 3327 ao
273 3269 365 3327 roratis
374 3267 438 3326 Iuli
451 3285 602 3337 mauroso,
613 3268 742 3327 lacrimis
754 3269 918 3328 inmobilis:
931 3269 1071 3328 rediitad
1084 3267 1296 3343 narrationem,
1308 3275 1360 3324 400

347 3475 516 3530 titubabant
534 3472 585 3528 ΗΟ
599 3473 643 3528 ed.
720 3474 906 3529 tdcolirrorct
921 3474 947 3528 V
964 3476 1064 3530 citaret
1082 3475 1126 3530 ed.
1201 3480 1218 3528 8
1241 3475 1297 3528 dis-

273 3547 367 3615 cipulo
389 3545 415 3598 V
441 3547 500 3613 folio
528 3545 571 3600 ed.
605 3544 767 3616 (Garcilassi
795 3552 898 3600 causa?
931 3546 966 3601 cf.
994 3546 1082 3614 praef.
1111 3564 1138 3615 p.
1162 3544 1296 3613 XXXIX).

274 3623 291 3670 9
309 3633 359 3672 nec
372 3616 398 3670 V
415 3634 450 3672 ac
469 3616 512 3670 ed.
586 3622 618 3670 12
637 3618 687 3671 bos
702 3616 728 3670 V
746 3633 794 3671 cas
812 3616 855 3670 ed.
929 3623 962 3671 13
981 3620 1151 3687 proecipuus
1168 3617 1194 3671 V
1214 3634 1293 3685 proe-

273 3689 366 3744 claras
384 3687 427 3741 ed.
479 3693 512 3741 10
530 3685 745 3742 miscereotorV
758 3687 802 3742 ed.
822 3688 1008 3742 discerentur?
1062 3694 1095 3742 19
1115 3707 1148 3744 oc
1161 3695 1257 3758 peteres
1270 3687 1296 3741 V

270 3766 367 3830 peleos
380 3758 424 3813 ed.
439 3759 568 3827 adpetens
581 3774 640 3813 nos.
684 3759 785 3814 mattas
795 3757 821 3811 V
831 3758 874 3812 ed.
889 3765 980 3814 mutar
993 3760 1037 3813 ed.
1048 3763 1120 3829 post.
1167 3766 1201 3815 20
1211 3777 1296 3828 proe-

274 3832 348 3885 latoe
357 3829 383 3883 V
394 3829 556 3899 praeclarae
569 3828 638 3883 edl'.
680 3835 795 3898 propter
803 3828 829 3882 V
839 3829 883 3883 ed.
897 3836 1005 3899 practer
1020 3831 1154 3897 adpost.
1168 3834 1186 3894 l,
1199 3837 1308 3894 specta

273 3900 365 3956 turV
387 3902 545 3970 erraretur
566 3900 611 3958 ed.
686 3906 718 3956 07
744 3901 879 3958 cedema
896 3901 943 3957 ed.
1016 3905 1056 3953 ’00
1073 3899 1266 3960 meoque
1282 3892 1335 3939 co.
