<?xml version="1.0" encoding="UTF-8"?>
<!DOCTYPE html PUBLIC "-//W3C//DTD XHTML 1.0 Transitional//EN"
    "http://www.w3.org/TR/xhtml1/DTD/xhtml1-transitional.dtd">
<html xmlns="http://www.w3.org/1999/xhtml" xml:lang="en" lang="en">
 <head>
  <title>
</title>
<meta http-equiv="Content-Type" content="text/html;charset=utf-8" />
  <meta name='ocr-system' content='tesseract 3.04.00' />
  <meta name='ocr-capabilities' content='ocr_page ocr_carea ocr_par ocr_line ocrx_word'/>
</head>
<body>
  <div class='ocr_page' id='page_1' title='image "./tibericlaudidon00unkngoog_0646.png"; bbox 0 0 3142 4375; ppageno 0'>
   <div class='ocr_carea' id='block_1_1' title="bbox 626 506 1263 575">
    <p class='ocr_par' dir='ltr' id='par_1_1' title="bbox 626 506 1263 575">
     <span class='ocr_line' id='line_1_1' title="bbox 626 506 1263 575; baseline 0 -15"><span class='ocrx_word' id='word_1_1' title='bbox 626 506 880 562; x_wconf 82' lang='lat' dir='ltr'><strong>Annnmosxn</strong></span> <span class='ocrx_word' id='word_1_2' title='bbox 1198 510 1263 575; x_wconf 79' lang='lat'><strong>635</strong></span> 
     </span>
    </p>
   </div>
   <div class='ocr_carea' id='block_1_2' title="bbox 194 673 1326 3604">
    <p class='ocr_par' dir='ltr' id='par_1_2' title="bbox 194 673 1326 3604">
     <span class='ocr_line' id='line_1_2' title="bbox 241 673 1262 751; baseline -0.001 -17"><span class='ocrx_word' id='word_1_3' title='bbox 241 673 387 734; x_wconf 79' lang='lat' dir='ltr'><strong>formidas</strong></span> <span class='ocrx_word' id='word_1_4' title='bbox 410 678 453 750; x_wconf 85' lang='lat' dir='ltr'><strong>et,</strong></span> <span class='ocrx_word' id='word_1_5' title='bbox 486 675 513 735; x_wconf 91' lang='lat' dir='ltr'><strong>si</strong></span> <span class='ocrx_word' id='word_1_6' title='bbox 535 676 568 734; x_wconf 92' lang='lat' dir='ltr'><strong>id</strong></span> <span class='ocrx_word' id='word_1_7' title='bbox 590 676 625 733; x_wconf 92' lang='lat' dir='ltr'><strong>de</strong></span> <span class='ocrx_word' id='word_1_8' title='bbox 656 674 789 751; x_wconf 86' lang='lat' dir='ltr'><strong>eorporis</strong></span> <span class='ocrx_word' id='word_1_9' title='bbox 820 673 973 751; x_wconf 90' lang='lat' dir='ltr'><strong>animique</strong></span> <span class='ocrx_word' id='word_1_10' title='bbox 1000 674 1175 734; x_wconf 83' lang='lat' dir='ltr'><strong>infirmitate</strong></span> <span class='ocrx_word' id='word_1_11' title='bbox 1204 692 1262 733; x_wconf 91' lang='lat' dir='ltr'><strong>non</strong></span> 
     </span>
     <span class='ocr_line' id='line_1_3' title="bbox 243 763 1265 839; baseline -0.002 -16"><span class='ocrx_word' id='word_1_12' title='bbox 243 766 348 839; x_wconf 87' lang='lat' dir='ltr'><strong>audes,</strong></span> <span class='ocrx_word' id='word_1_13' title='bbox 376 764 439 823; x_wconf 89' lang='lat' dir='ltr'><strong>redi</strong></span> <span class='ocrx_word' id='word_1_14' title='bbox 462 766 501 824; x_wconf 87' lang='lat' dir='ltr'><strong>ad</strong></span> <span class='ocrx_word' id='word_1_15' title='bbox 523 763 649 823; x_wconf 82' lang='lat' dir='ltr'><strong>consilia</strong></span> <span class='ocrx_word' id='word_1_16' title='bbox 670 766 737 838; x_wconf 90' lang='lat' dir='ltr'><strong>tua,</strong></span> <span class='ocrx_word' id='word_1_17' title='bbox 765 764 791 823; x_wconf 86' lang='lat' dir='ltr'><strong>si</strong></span> <span class='ocrx_word' id='word_1_18' title='bbox 818 765 913 823; x_wconf 83' lang='lat' dir='ltr'><strong>voles:</strong></span> <span class='ocrx_word' id='word_1_19' title='bbox 941 768 1019 823; x_wconf 80' lang='lat' dir='ltr'><strong>uerte</strong></span> <span class='ocrx_word' id='word_1_20' title='bbox 1041 765 1135 824; x_wconf 76' lang='lat' dir='ltr'><strong>orneris</strong></span> <span class='ocrx_word' id='word_1_21' title='bbox 1158 767 1210 823; x_wconf 80' lang='lat' dir='ltr'><strong>tete</strong></span> <span class='ocrx_word' id='word_1_22' title='bbox 1231 764 1265 821; x_wconf 78' lang='lat' dir='ltr'><strong>tn</strong></span> 
     </span>
     <span class='ocr_line' id='line_1_4' title="bbox 241 853 1265 927; baseline -0.001 -14"><span class='ocrx_word' id='word_1_23' title='bbox 241 854 334 927; x_wconf 75' lang='lat' dir='ltr'><strong>furies</strong></span> <span class='ocrx_word' id='word_1_24' title='bbox 357 857 384 912; x_wconf 81' lang='lat' dir='ltr'><strong>et</strong></span> <span class='ocrx_word' id='word_1_25' title='bbox 406 854 541 913; x_wconf 76' lang='lat' dir='ltr'><em>contrahe</em></span> <span class='ocrx_word' id='word_1_26' title='bbox 559 854 696 927; x_wconf 76' lang='lat' dir='ltr'><strong>quiequid</strong></span> <span class='ocrx_word' id='word_1_27' title='bbox 713 854 774 912; x_wconf 80' lang='lat' dir='ltr'><strong>siue</strong></span> <span class='ocrx_word' id='word_1_28' title='bbox 793 854 902 912; x_wconf 78' lang='lat' dir='ltr'><strong>animis</strong></span> <span class='ocrx_word' id='word_1_29' title='bbox 920 853 981 912; x_wconf 80' lang='lat' dir='ltr'><strong>sive</strong></span> <span class='ocrx_word' id='word_1_30' title='bbox 999 857 1062 912; x_wconf 81' lang='lat' dir='ltr'><strong>arte</strong></span> <span class='ocrx_word' id='word_1_31' title='bbox 1079 854 1173 923; x_wconf 83' lang='lat' dir='ltr'><strong>vales,</strong></span> <span class='ocrx_word' id='word_1_32' title='bbox 1196 857 1265 926; x_wconf 81' lang='lat' dir='ltr'><strong>opto</strong></span> 
     </span>
     <span class='ocr_line' id='line_1_5' title="bbox 242 942 1263 1017; baseline -0.002 -15"><span class='ocrx_word' id='word_1_33' title='bbox 242 943 341 1002; x_wconf 82' lang='lat' dir='ltr'><strong>ardua</strong></span> <span class='ocrx_word' id='word_1_34' title='bbox 358 942 464 1017; x_wconf 76' lang='lat' dir='ltr'><strong>pineis</strong></span> <span class='ocrx_word' id='word_1_35' title='bbox 487 947 568 1002; x_wconf 84' lang='lat' dir='ltr'><strong>astro</strong></span> <span class='ocrx_word' id='word_1_36' title='bbox 587 943 669 1017; x_wconf 78' lang='lat' dir='ltr'><strong>sequi</strong></span> <span class='ocrx_word' id='word_1_37' title='bbox 687 943 876 1017; x_wconf 78' lang='lat' dir='ltr'><strong>clausumque</strong></span> <span class='ocrx_word' id='word_1_38' title='bbox 900 960 974 1001; x_wconf 84' lang='lat' dir='ltr'><strong>enea</strong></span> <span class='ocrx_word' id='word_1_39' title='bbox 992 946 1018 1001; x_wconf 80' lang='lat' dir='ltr'><strong>te</strong></span> <span class='ocrx_word' id='word_1_40' title='bbox 1038 943 1160 1001; x_wconf 76' lang='lat' dir='ltr'><strong>condere</strong></span> <span class='ocrx_word' id='word_1_41' title='bbox 1177 946 1263 1001; x_wconf 79' lang='lat' dir='ltr'><strong>terra.</strong></span> 
     </span>
     <span class='ocr_line' id='line_1_6' title="bbox 206 1030 1265 1109; baseline 0.002 -21"><span class='ocrx_word' id='word_1_42' title='bbox 206 1048 220 1088; x_wconf 84' lang='lat' dir='ltr'><strong>s</strong></span> <span class='ocrx_word' id='word_1_43' title='bbox 240 1031 315 1090; x_wconf 89' lang='lat' dir='ltr'><strong>bene</strong></span> <span class='ocrx_word' id='word_1_44' title='bbox 329 1032 377 1091; x_wconf 88' lang='lat' dir='ltr'><strong>illi</strong></span> <span class='ocrx_word' id='word_1_45' title='bbox 391 1033 430 1091; x_wconf 84' lang='lat' dir='ltr'><strong>ad</strong></span> <span class='ocrx_word' id='word_1_46' title='bbox 444 1030 631 1092; x_wconf 80' lang='lat' dir='ltr'><strong>evadendum</strong></span> <span class='ocrx_word' id='word_1_47' title='bbox 644 1031 720 1091; x_wconf 88' lang='lat' dir='ltr'><strong>aeris</strong></span> <span class='ocrx_word' id='word_1_48' title='bbox 739 1030 872 1109; x_wconf 85' lang='lat' dir='ltr'><strong>spatium</strong></span> <span class='ocrx_word' id='word_1_49' title='bbox 886 1030 969 1091; x_wconf 90' lang='lat' dir='ltr'><strong>dedit</strong></span> <span class='ocrx_word' id='word_1_50' title='bbox 984 1032 1015 1090; x_wconf 90' lang='lat' dir='ltr'><strong>et</strong></span> <span class='ocrx_word' id='word_1_51' title='bbox 1027 1030 1090 1089; x_wconf 87' lang='lat' dir='ltr'><strong>ima</strong></span> <span class='ocrx_word' id='word_1_52' title='bbox 1107 1035 1265 1106; x_wconf 87' lang='lat' dir='ltr'><strong>terrarum,</strong></span> 
     </span>
     <span class='ocr_line' id='line_1_7' title="bbox 240 1120 1266 1197; baseline -0.001 -17"><span class='ocrx_word' id='word_1_53' title='bbox 240 1140 292 1194; x_wconf 89' lang='lat' dir='ltr'><strong>ne,</strong></span> <span class='ocrx_word' id='word_1_54' title='bbox 325 1121 405 1197; x_wconf 89' lang='lat' dir='ltr'><strong>quod</strong></span> <span class='ocrx_word' id='word_1_55' title='bbox 428 1121 525 1180; x_wconf 84' lang='lat' dir='ltr'><strong>faeere</strong></span> <span class='ocrx_word' id='word_1_56' title='bbox 550 1138 611 1179; x_wconf 92' lang='lat' dir='ltr'><strong>non</strong></span> <span class='ocrx_word' id='word_1_57' title='bbox 640 1120 774 1197; x_wconf 85' lang='lat' dir='ltr'><strong>valebat,</strong></span> <span class='ocrx_word' id='word_1_58' title='bbox 806 1123 906 1197; x_wconf 88' lang='lat' dir='ltr'><strong>potere</strong></span> <span class='ocrx_word' id='word_1_59' title='bbox 937 1138 1058 1195; x_wconf 87' lang='lat' dir='ltr'><strong>oampos</strong></span> <span class='ocrx_word' id='word_1_60' title='bbox 1090 1121 1182 1180; x_wconf 87' lang='lat' dir='ltr'><strong>vellet</strong></span> <span class='ocrx_word' id='word_1_61' title='bbox 1211 1123 1266 1181; x_wconf 88' lang='lat' dir='ltr'><strong>aut</strong></span> 
     </span>
     <span class='ocr_line' id='line_1_8' title="bbox 240 1208 1265 1286; baseline 0.001 -18"><span class='ocrx_word' id='word_1_62' title='bbox 240 1210 367 1285; x_wconf 85' lang='lat' dir='ltr'><strong>montis3</strong></span> <span class='ocrx_word' id='word_1_63' title='bbox 397 1228 488 1286; x_wconf 89' lang='lat' dir='ltr'><strong>supra</strong></span> <span class='ocrx_word' id='word_1_64' title='bbox 517 1211 596 1269; x_wconf 90' lang='lat' dir='ltr'><strong>enim</strong></span> <span class='ocrx_word' id='word_1_65' title='bbox 623 1209 699 1269; x_wconf 83' lang='lat' dir='ltr'><strong>dixit</strong></span> <span class='ocrx_word' id='word_1_66' title='bbox 726 1211 798 1270; x_wconf 87' lang='lat' dir='ltr'><strong>hino</strong></span> <span class='ocrx_word' id='word_1_67' title='bbox 821 1210 966 1270; x_wconf 82' lang='lat' dir='ltr'><strong>Troianos</strong></span> <span class='ocrx_word' id='word_1_68' title='bbox 988 1208 1081 1268; x_wconf 80' lang='lat' dir='ltr'><strong>trisse</strong></span> <span class='ocrx_word' id='word_1_69' title='bbox 1112 1229 1171 1285; x_wconf 92' lang='lat' dir='ltr'><strong>quo</strong></span> <span class='ocrx_word' id='word_1_70' title='bbox 1201 1228 1265 1269; x_wconf 85' lang='lat' dir='ltr'><strong>esee</strong></span> 
     </span>
     <span class='ocr_line' id='line_1_9' title="bbox 240 1297 1265 1377; baseline 0.001 -20"><span class='ocrx_word' id='word_1_71' title='bbox 240 1298 339 1359; x_wconf 85' lang='lat' dir='ltr'><strong>exitus</strong></span> <span class='ocrx_word' id='word_1_72' title='bbox 359 1300 473 1377; x_wconf 88' lang='lat' dir='ltr'><strong>potuit,</strong></span> <span class='ocrx_word' id='word_1_73' title='bbox 491 1298 561 1358; x_wconf 86' lang='lat' dir='ltr'><strong>hine</strong></span> <span class='ocrx_word' id='word_1_74' title='bbox 579 1299 643 1358; x_wconf 84' lang='lat' dir='ltr'><strong>alta</strong></span> <span class='ocrx_word' id='word_1_75' title='bbox 661 1300 793 1374; x_wconf 86' lang='lat' dir='ltr'><strong>moenia,</strong></span> <span class='ocrx_word' id='word_1_76' title='bbox 811 1300 881 1359; x_wconf 86' lang='lat' dir='ltr'><strong>hine</strong></span> <span class='ocrx_word' id='word_1_77' title='bbox 899 1300 1018 1359; x_wconf 84' lang='lat' dir='ltr'><strong>vastam</strong></span> <span class='ocrx_word' id='word_1_78' title='bbox 1035 1297 1184 1376; x_wconf 79' lang='lat' dir='ltr'><strong>paludem.</strong></span> <span class='ocrx_word' id='word_1_79' title='bbox 1216 1300 1265 1358; x_wconf 75' lang='lat' dir='ltr'><strong>ille</strong></span> 
     </span>
     <span class='ocr_line' id='line_1_10' title="bbox 240 1387 1264 1464; baseline -0.002 -16"><span class='ocrx_word' id='word_1_80' title='bbox 240 1393 331 1461; x_wconf 80' lang='lat' dir='ltr'><strong>capue</strong></span> <span class='ocrx_word' id='word_1_81' title='bbox 343 1405 503 1463; x_wconf 79' lang='lat' dir='ltr'><strong>quassans,</strong></span> <span class='ocrx_word' id='word_1_82' title='bbox 522 1389 579 1448; x_wconf 90' lang='lat' dir='ltr'><strong>hoe</strong></span> <span class='ocrx_word' id='word_1_83' title='bbox 598 1391 643 1448; x_wconf 89' lang='lat' dir='ltr'><strong>est</strong></span> <span class='ocrx_word' id='word_1_84' title='bbox 656 1389 756 1449; x_wconf 88' lang='lat' dir='ltr'><strong>luetus</strong></span> <span class='ocrx_word' id='word_1_85' title='bbox 775 1388 868 1448; x_wconf 91' lang='lat' dir='ltr'><strong>animi</strong></span> <span class='ocrx_word' id='word_1_86' title='bbox 886 1387 990 1448; x_wconf 88' lang='lat' dir='ltr'><strong>erebra</strong></span> <span class='ocrx_word' id='word_1_87' title='bbox 1009 1388 1117 1464; x_wconf 85' lang='lat' dir='ltr'><strong>eapitis</strong></span> <span class='ocrx_word' id='word_1_88' title='bbox 1136 1405 1264 1447; x_wconf 89' lang='lat' dir='ltr'><strong>eommo-</strong></span> 
     </span>
     <span class='ocr_line' id='line_1_11' title="bbox 194 1476 1326 1555; baseline 0 -18"><span class='ocrx_word' id='word_1_89' title='bbox 194 1496 218 1537; x_wconf 86' lang='grc' dir='ltr'><strong>ιο</strong></span> <span class='ocrx_word' id='word_1_90' title='bbox 238 1476 323 1537; x_wconf 85' lang='lat' dir='ltr'><strong>tione</strong></span> <span class='ocrx_word' id='word_1_91' title='bbox 351 1476 535 1555; x_wconf 80' lang='lat' dir='ltr'><strong>significans,</strong></span> <span class='ocrx_word' id='word_1_92' title='bbox 565 1494 625 1536; x_wconf 78' lang='lat' dir='ltr'><strong>nore</strong></span> <span class='ocrx_word' id='word_1_93' title='bbox 646 1494 692 1536; x_wconf 87' lang='lat' dir='ltr'><strong>me</strong></span> <span class='ocrx_word' id='word_1_94' title='bbox 714 1481 767 1537; x_wconf 82' lang='lat' dir='ltr'><strong>tue</strong></span> <span class='ocrx_word' id='word_1_95' title='bbox 788 1478 907 1551; x_wconf 74' lang='lat' dir='ltr'><strong>fervide</strong></span> <span class='ocrx_word' id='word_1_96' title='bbox 929 1481 1037 1536; x_wconf 80' lang='lat' dir='ltr'><strong>terrent</strong></span> <span class='ocrx_word' id='word_1_97' title='bbox 1058 1477 1149 1546; x_wconf 80' lang='lat' dir='ltr'><strong>dieta,</strong></span> <span class='ocrx_word' id='word_1_98' title='bbox 1172 1479 1326 1549; x_wconf 66' lang='lat' dir='ltr'><strong>seronato</strong></span> 
     </span>
     <span class='ocr_line' id='line_1_12' title="bbox 240 1565 1264 1639; baseline -0.002 -14"><span class='ocrx_word' id='word_1_99' title='bbox 240 1568 285 1626; x_wconf 77' lang='lat' dir='ltr'><strong>dit</strong></span> <span class='ocrx_word' id='word_1_100' title='bbox 305 1583 352 1625; x_wconf 82' lang='lat' dir='ltr'><strong>me</strong></span> <span class='ocrx_word' id='word_1_101' title='bbox 373 1570 481 1625; x_wconf 78' lang='lat' dir='ltr'><strong>terreret</strong></span> <span class='ocrx_word' id='word_1_102' title='bbox 503 1570 529 1625; x_wconf 82' lang='lat' dir='ltr'><strong>et</strong></span> <span class='ocrx_word' id='word_1_103' title='bbox 550 1566 687 1639; x_wconf 71' lang='lat' dir='ltr'><strong>vapiter</strong></span> <span class='ocrx_word' id='word_1_104' title='bbox 709 1567 814 1626; x_wconf 63' lang='lat' dir='ltr'><strong>boob:</strong></span> <span class='ocrx_word' id='word_1_105' title='bbox 846 1567 998 1626; x_wconf 80' lang='lat' dir='ltr'><strong>confessus</strong></span> <span class='ocrx_word' id='word_1_106' title='bbox 1021 1569 1067 1625; x_wconf 88' lang='lat' dir='ltr'><strong>est</strong></span> <span class='ocrx_word' id='word_1_107' title='bbox 1090 1567 1125 1625; x_wconf 95' lang='lat' dir='ltr'><strong>de</strong></span> <span class='ocrx_word' id='word_1_108' title='bbox 1147 1565 1264 1639; x_wconf 86' lang='lat' dir='ltr'><strong>timore,</strong></span> 
     </span>
     <span class='ocr_line' id='line_1_13' title="bbox 240 1654 1264 1732; baseline -0.001 -17"><span class='ocrx_word' id='word_1_109' title='bbox 240 1655 294 1715; x_wconf 90' lang='lat' dir='ltr'><strong>sed</strong></span> <span class='ocrx_word' id='word_1_110' title='bbox 322 1656 402 1714; x_wconf 88' lang='lat' dir='ltr'><strong>huno</strong></span> <span class='ocrx_word' id='word_1_111' title='bbox 424 1655 576 1715; x_wconf 75' lang='lat' dir='ltr'>subtiliter</span> <span class='ocrx_word' id='word_1_112' title='bbox 598 1656 751 1715; x_wconf 82' lang='lat' dir='ltr'><strong>excusavit</strong></span> <span class='ocrx_word' id='word_1_113' title='bbox 774 1656 913 1715; x_wconf 81' lang='lat' dir='ltr'><strong>adserens</strong></span> <span class='ocrx_word' id='word_1_114' title='bbox 936 1674 996 1715; x_wconf 92' lang='lat' dir='ltr'><strong>non</strong></span> <span class='ocrx_word' id='word_1_115' title='bbox 1018 1657 1120 1732; x_wconf 88' lang='lat' dir='ltr'><strong>ipsum</strong></span> <span class='ocrx_word' id='word_1_116' title='bbox 1141 1654 1264 1714; x_wconf 78' lang='lat' dir='ltr'><strong>Aenean</strong></span> 
     </span>
     <span class='ocr_line' id='line_1_14' title="bbox 239 1744 1264 1819; baseline -0.001 -15"><span class='ocrx_word' id='word_1_117' title='bbox 239 1763 304 1804; x_wconf 91' lang='lat' dir='ltr'><strong>esse</strong></span> <span class='ocrx_word' id='word_1_118' title='bbox 327 1744 495 1819; x_wconf 77' lang='lat' dir='ltr'><strong>inimicum,</strong></span> <span class='ocrx_word' id='word_1_119' title='bbox 524 1745 576 1804; x_wconf 91' lang='lat' dir='ltr'><strong>sed</strong></span> <span class='ocrx_word' id='word_1_120' title='bbox 600 1745 669 1804; x_wconf 91' lang='lat' dir='ltr'><strong>deos</strong></span> <span class='ocrx_word' id='word_1_121' title='bbox 693 1747 724 1803; x_wconf 91' lang='lat' dir='ltr'><strong>et</strong></span> <span class='ocrx_word' id='word_1_122' title='bbox 745 1744 857 1805; x_wconf 87' lang='lat' dir='ltr'><strong>Iovem.</strong></span> <span class='ocrx_word' id='word_1_123' title='bbox 899 1745 956 1804; x_wconf 89' lang='lat' dir='ltr'><strong>hoo</strong></span> <span class='ocrx_word' id='word_1_124' title='bbox 979 1747 1025 1804; x_wconf 87' lang='lat' dir='ltr'><strong>est</strong></span> <span class='ocrx_word' id='word_1_125' title='bbox 1048 1745 1145 1804; x_wconf 88' lang='lat' dir='ltr'><strong>dieere</strong></span> <span class='ocrx_word' id='word_1_126' title='bbox 1168 1744 1195 1803; x_wconf 87' lang='lat' dir='ltr'><strong>si</strong></span> <span class='ocrx_word' id='word_1_127' title='bbox 1217 1763 1264 1804; x_wconf 88' lang='lat' dir='ltr'><strong>oo-</strong></span> 
     </span>
     <span class='ocr_line' id='line_1_15' title="bbox 239 1832 1264 1910; baseline 0.001 -17"><span class='ocrx_word' id='word_1_128' title='bbox 239 1833 385 1908; x_wconf 88' lang='lat' dir='ltr'><strong>oubuero,</strong></span> <span class='ocrx_word' id='word_1_129' title='bbox 414 1853 475 1894; x_wconf 92' lang='lat' dir='ltr'><strong>non</strong></span> <span class='ocrx_word' id='word_1_130' title='bbox 500 1836 534 1893; x_wconf 85' lang='lat' dir='ltr'><strong>tu</strong></span> <span class='ocrx_word' id='word_1_131' title='bbox 564 1853 611 1893; x_wconf 91' lang='lat' dir='ltr'><strong>me</strong></span> <span class='ocrx_word' id='word_1_132' title='bbox 641 1832 810 1910; x_wconf 75' lang='lat' dir='ltr'><strong>superabis,</strong></span> <span class='ocrx_word' id='word_1_133' title='bbox 841 1834 893 1893; x_wconf 90' lang='lat' dir='ltr'><strong>sed</strong></span> <span class='ocrx_word' id='word_1_134' title='bbox 920 1833 964 1892; x_wconf 89' lang='lat' dir='ltr'><strong>dii</strong></span> <span class='ocrx_word' id='word_1_135' title='bbox 993 1853 1061 1893; x_wconf 90' lang='lat' dir='ltr'><strong>eum</strong></span> <span class='ocrx_word' id='word_1_136' title='bbox 1088 1833 1155 1910; x_wconf 90' lang='lat' dir='ltr'><strong>ipso</strong></span> <span class='ocrx_word' id='word_1_137' title='bbox 1183 1833 1264 1908; x_wconf 88' lang='lat' dir='ltr'><strong>Iove,</strong></span> 
     </span>
     <span class='ocr_line' id='line_1_16' title="bbox 194 1921 1265 2000; baseline -0.001 -17"><span class='ocrx_word' id='word_1_138' title='bbox 194 1941 217 1983; x_wconf 76' lang='lat' dir='ltr'><strong>ro</strong></span> <span class='ocrx_word' id='word_1_139' title='bbox 239 1921 294 1999; x_wconf 92' lang='lat' dir='ltr'><strong>qui</strong></span> <span class='ocrx_word' id='word_1_140' title='bbox 322 1923 412 1982; x_wconf 87' lang='lat' dir='ltr'><strong>armis</strong></span> <span class='ocrx_word' id='word_1_141' title='bbox 439 1925 470 1983; x_wconf 91' lang='lat' dir='ltr'><strong>et</strong></span> <span class='ocrx_word' id='word_1_142' title='bbox 497 1921 633 2000; x_wconf 84' lang='lat' dir='ltr'><strong>partibus</strong></span> <span class='ocrx_word' id='word_1_143' title='bbox 661 1922 734 1982; x_wconf 90' lang='lat' dir='ltr'><strong>meis</strong></span> <span class='ocrx_word' id='word_1_144' title='bbox 762 1922 878 1982; x_wconf 91' lang='lat' dir='ltr'><strong>inimioi</strong></span> <span class='ocrx_word' id='word_1_145' title='bbox 904 1925 976 1982; x_wconf 87' lang='lat' dir='ltr'><strong>sunt</strong></span> <span class='ocrx_word' id='word_1_146' title='bbox 1004 1926 1035 1982; x_wconf 90' lang='lat' dir='ltr'><strong>ot</strong></span> <span class='ocrx_word' id='word_1_147' title='bbox 1063 1922 1174 1982; x_wconf 90' lang='lat' dir='ltr'><strong>infesti.</strong></span> <span class='ocrx_word' id='word_1_148' title='bbox 1213 1940 1265 1982; x_wconf 76' lang='lat' dir='ltr'><strong>neo</strong></span> 
     </span>
     <span class='ocr_line' id='line_1_17' title="bbox 234 2011 1263 2089; baseline 0.002 -20"><span class='ocrx_word' id='word_1_149' title='bbox 234 2012 330 2085; x_wconf 77' lang='lat' dir='ltr'><strong>pbera</strong></span> <span class='ocrx_word' id='word_1_150' title='bbox 360 2014 481 2085; x_wconf 76' lang='lat' dir='ltr'><strong>effutus;</strong></span> <span class='ocrx_word' id='word_1_151' title='bbox 511 2012 685 2071; x_wconf 73' lang='lat' dir='ltr'><strong>debilitatus</strong></span> <span class='ocrx_word' id='word_1_152' title='bbox 716 2011 796 2071; x_wconf 92' lang='lat' dir='ltr'><strong>enim</strong></span> <span class='ocrx_word' id='word_1_153' title='bbox 824 2014 924 2071; x_wconf 92' lang='lat' dir='ltr'><strong>mente</strong></span> <span class='ocrx_word' id='word_1_154' title='bbox 953 2011 1037 2089; x_wconf 91' lang='lat' dir='ltr'><strong>loqui</strong></span> <span class='ocrx_word' id='word_1_155' title='bbox 1066 2030 1126 2071; x_wconf 90' lang='lat' dir='ltr'><strong>non</strong></span> <span class='ocrx_word' id='word_1_156' title='bbox 1155 2013 1263 2089; x_wconf 90' lang='lat' dir='ltr'><strong>potuit.</strong></span> 
     </span>
     <span class='ocr_line' id='line_1_18' title="bbox 238 2099 1264 2176; baseline -0.001 -16"><span class='ocrx_word' id='word_1_157' title='bbox 238 2118 347 2160; x_wconf 76' lang='lat' dir='ltr'><strong>seeum</strong></span> <span class='ocrx_word' id='word_1_158' title='bbox 361 2102 555 2175; x_wconf 73' lang='lat' dir='ltr'><strong>otrenuspe‘eit</strong></span> <span class='ocrx_word' id='word_1_159' title='bbox 567 2102 683 2175; x_wconf 77' lang='lat' dir='ltr'><strong>tepens,</strong></span> <span class='ocrx_word' id='word_1_160' title='bbox 698 2099 720 2176; x_wconf 92' lang='lat'><em>[</em></span> <span class='ocrx_word' id='word_1_161' title='bbox 716 2118 824 2161; x_wconf 75' lang='lat' dir='ltr'><strong>suumn</strong></span> <span class='ocrx_word' id='word_1_162' title='bbox 841 2102 1004 2175; x_wconf 53' lang='lat' dir='ltr'><strong>nortburne,</strong></span> <span class='ocrx_word' id='word_1_163' title='bbox 1018 2099 1147 2176; x_wconf 76' lang='lat' dir='ltr'><strong>inpeneJ,</strong></span> <span class='ocrx_word' id='word_1_164' title='bbox 1162 2117 1264 2174; x_wconf 81' lang='lat' dir='ltr'><strong>rampo</strong></span> 
     </span>
     <span class='ocr_line' id='line_1_19' title="bbox 240 2191 1266 2266; baseline 0.001 -17"><span class='ocrx_word' id='word_1_165' title='bbox 240 2191 318 2263; x_wconf 82' lang='lat' dir='ltr'><strong>quod</strong></span> <span class='ocrx_word' id='word_1_166' title='bbox 339 2191 414 2263; x_wconf 79' lang='lat' dir='ltr'><strong>forte</strong></span> <span class='ocrx_word' id='word_1_167' title='bbox 435 2192 560 2261; x_wconf 82' lang='lat' dir='ltr'><strong>tacebat,</strong></span> <span class='ocrx_word' id='word_1_168' title='bbox 585 2192 667 2250; x_wconf 81' lang='lat' dir='ltr'><strong>limes</strong></span> <span class='ocrx_word' id='word_1_169' title='bbox 690 2209 760 2266; x_wconf 76' lang='lat' dir='ltr'><strong>apro</strong></span> <span class='ocrx_word' id='word_1_170' title='bbox 780 2193 908 2266; x_wconf 78' lang='lat' dir='ltr'><strong>positus,</strong></span> <span class='ocrx_word' id='word_1_171' title='bbox 937 2192 1016 2250; x_wconf 78' lang='lat' dir='ltr'><strong>litem</strong></span> <span class='ocrx_word' id='word_1_172' title='bbox 1037 2195 1070 2250; x_wconf 79' lang='lat' dir='ltr'><strong>ut</strong></span> <span class='ocrx_word' id='word_1_173' title='bbox 1092 2192 1266 2250; x_wconf 73' lang='lat' dir='ltr'><strong>discerneret</strong></span> 
     </span>
     <span class='ocr_line' id='line_1_20' title="bbox 240 2279 1264 2357; baseline -0.001 -17"><span class='ocrx_word' id='word_1_174' title='bbox 240 2280 338 2340; x_wconf 81' lang='lat' dir='ltr'><strong>areis:</strong></span> <span class='ocrx_word' id='word_1_175' title='bbox 356 2281 499 2340; x_wconf 87' lang='lat' dir='ltr'><strong>vitiosum</strong></span> <span class='ocrx_word' id='word_1_176' title='bbox 518 2283 644 2357; x_wconf 84' lang='lat' dir='ltr'><strong>putatur</strong></span> <span class='ocrx_word' id='word_1_177' title='bbox 657 2281 739 2357; x_wconf 89' lang='lat' dir='ltr'><strong>quod</strong></span> <span class='ocrx_word' id='word_1_178' title='bbox 755 2283 802 2340; x_wconf 90' lang='lat' dir='ltr'><strong>est</strong></span> <span class='ocrx_word' id='word_1_179' title='bbox 814 2281 942 2340; x_wconf 82' lang='lat' dir='ltr'><strong>honesta</strong></span> <span class='ocrx_word' id='word_1_180' title='bbox 955 2281 1105 2340; x_wconf 84' lang='lat' dir='ltr'><strong>locutione</strong></span> <span class='ocrx_word' id='word_1_181' title='bbox 1119 2279 1264 2340; x_wconf 85' lang='lat' dir='ltr'><strong>mirabile.</strong></span> 
     </span>
     <span class='ocr_line' id='line_1_21' title="bbox 194 2368 1264 2447; baseline -0.003 -16"><span class='ocrx_word' id='word_1_182' title='bbox 194 2387 220 2431; x_wconf 78' lang='lat' dir='ltr'><strong>eo</strong></span> <span class='ocrx_word' id='word_1_183' title='bbox 238 2386 301 2428; x_wconf 94' lang='lat' dir='ltr'><strong>non</strong></span> <span class='ocrx_word' id='word_1_184' title='bbox 320 2370 400 2427; x_wconf 91' lang='lat' dir='ltr'><strong>enim</strong></span> <span class='ocrx_word' id='word_1_185' title='bbox 418 2388 522 2429; x_wconf 86' lang='lat' dir='ltr'><strong>saxum</strong></span> <span class='ocrx_word' id='word_1_186' title='bbox 541 2372 658 2447; x_wconf 88' lang='lat' dir='ltr'><strong>positus</strong></span> <span class='ocrx_word' id='word_1_187' title='bbox 677 2368 766 2445; x_wconf 81' lang='lat' dir='ltr'><strong>dixit,</strong></span> <span class='ocrx_word' id='word_1_188' title='bbox 788 2372 823 2428; x_wconf 88' lang='lat' dir='ltr'><strong>ut</strong></span> <span class='ocrx_word' id='word_1_189' title='bbox 840 2370 952 2430; x_wconf 88' lang='lat' dir='ltr'><strong>faoeret</strong></span> <span class='ocrx_word' id='word_1_190' title='bbox 970 2389 1022 2446; x_wconf 89' lang='lat' dir='ltr'><strong>per</strong></span> <span class='ocrx_word' id='word_1_191' title='bbox 1041 2390 1152 2447; x_wconf 83' lang='lat' dir='ltr'><strong>genera</strong></span> <span class='ocrx_word' id='word_1_192' title='bbox 1170 2370 1264 2430; x_wconf 91' lang='lat' dir='ltr'><strong>soloe·</strong></span> 
     </span>
     <span class='ocr_line' id='line_1_22' title="bbox 239 2458 1265 2538; baseline -0.001 -21"><span class='ocrx_word' id='word_1_193' title='bbox 239 2459 380 2533; x_wconf 88' lang='lat' dir='ltr'><strong>oismum,</strong></span> <span class='ocrx_word' id='word_1_194' title='bbox 410 2459 462 2518; x_wconf 90' lang='lat' dir='ltr'><strong>sed</strong></span> <span class='ocrx_word' id='word_1_195' title='bbox 490 2477 594 2518; x_wconf 84' lang='lat' dir='ltr'><strong>saxum</strong></span> <span class='ocrx_word' id='word_1_196' title='bbox 621 2458 739 2519; x_wconf 88' lang='lat' dir='ltr'><strong>iaoebat</strong></span> <span class='ocrx_word' id='word_1_197' title='bbox 766 2461 831 2518; x_wconf 89' lang='lat' dir='ltr'><strong>tam</strong></span> <span class='ocrx_word' id='word_1_198' title='bbox 854 2459 960 2537; x_wconf 84' lang='lat' dir='ltr'><strong>grandi</strong></span> <span class='ocrx_word' id='word_1_199' title='bbox 984 2459 1206 2538; x_wconf 76' lang='lat' dir='ltr'><strong>magnitudine,</strong></span> <span class='ocrx_word' id='word_1_200' title='bbox 1229 2462 1265 2517; x_wconf 85' lang='lat' dir='ltr'><strong>ut</strong></span> 
     </span>
     <span class='ocr_line' id='line_1_23' title="bbox 238 2546 1264 2625; baseline 0 -19"><span class='ocrx_word' id='word_1_201' title='bbox 238 2546 367 2606; x_wconf 86' lang='lat' dir='ltr'><strong>infinitis</strong></span> <span class='ocrx_word' id='word_1_202' title='bbox 386 2546 513 2607; x_wconf 88' lang='lat' dir='ltr'><strong>saeoulis</strong></span> <span class='ocrx_word' id='word_1_203' title='bbox 531 2548 680 2606; x_wconf 88' lang='lat' dir='ltr'><strong>inmotum</strong></span> <span class='ocrx_word' id='word_1_204' title='bbox 698 2547 924 2625; x_wconf 85' lang='lat' dir='ltr'><strong>permansisset3</strong></span> <span class='ocrx_word' id='word_1_205' title='bbox 947 2549 1061 2607; x_wconf 82' lang='lat' dir='ltr'><strong>adhoc</strong></span> <span class='ocrx_word' id='word_1_206' title='bbox 1084 2549 1162 2607; x_wconf 87' lang='lat' dir='ltr'><strong>enim</strong></span> <span class='ocrx_word' id='word_1_207' title='bbox 1185 2547 1264 2606; x_wconf 88' lang='lat' dir='ltr'><strong>inter</strong></span> 
     </span>
     <span class='ocr_line' id='line_1_24' title="bbox 240 2635 1263 2714; baseline 0 -20"><span class='ocrx_word' id='word_1_208' title='bbox 240 2635 375 2694; x_wconf 89' lang='lat' dir='ltr'><strong>dominia</strong></span> <span class='ocrx_word' id='word_1_209' title='bbox 396 2636 470 2711; x_wconf 87' lang='lat' dir='ltr'><strong>fuit,</strong></span> <span class='ocrx_word' id='word_1_210' title='bbox 492 2640 528 2696; x_wconf 91' lang='lat' dir='ltr'><strong>ut</strong></span> <span class='ocrx_word' id='word_1_211' title='bbox 549 2638 619 2696; x_wconf 89' lang='lat' dir='ltr'><strong>lites</strong></span> <span class='ocrx_word' id='word_1_212' title='bbox 641 2637 864 2714; x_wconf 83' lang='lat' dir='ltr'><strong>possidentibus</strong></span> <span class='ocrx_word' id='word_1_213' title='bbox 882 2638 1003 2697; x_wconf 88' lang='lat' dir='ltr'><strong>tolleret</strong></span> <span class='ocrx_word' id='word_1_214' title='bbox 1025 2638 1056 2696; x_wconf 88' lang='lat' dir='ltr'><strong>et</strong></span> <span class='ocrx_word' id='word_1_215' title='bbox 1073 2638 1151 2697; x_wconf 85' lang='lat' dir='ltr'><strong>esset</strong></span> <span class='ocrx_word' id='word_1_216' title='bbox 1168 2636 1263 2696; x_wconf 93' lang='lat' dir='ltr'><strong>limes.</strong></span> 
     </span>
     <span class='ocr_line' id='line_1_25' title="bbox 240 2714 1263 2800; baseline 0.002 -17"><span class='ocrx_word' id='word_1_217' title='bbox 240 2724 422 2784; x_wconf 90' lang='lat' dir='ltr'><strong>ordinandus</strong></span> <span class='ocrx_word' id='word_1_218' title='bbox 446 2714 632 2800; x_wconf 77' lang='lat' dir='ltr'><strong>est&#39;sensus,</strong></span> <span class='ocrx_word' id='word_1_219' title='bbox 661 2730 696 2786; x_wconf 95' lang='lat' dir='ltr'><strong>ut</strong></span> <span class='ocrx_word' id='word_1_220' title='bbox 725 2726 907 2786; x_wconf 80' lang='lat' dir='ltr'><strong>calumniam</strong></span> <span class='ocrx_word' id='word_1_221' title='bbox 929 2744 1149 2786; x_wconf 87' lang='lat' dir='ltr'><strong>removeamus:</strong></span> <span class='ocrx_word' id='word_1_222' title='bbox 1177 2725 1263 2785; x_wconf 88' lang='lat' dir='ltr'><strong>limes</strong></span> 
     </span>
     <span class='ocr_line' id='line_1_26' title="bbox 194 2813 1263 2893; baseline 0.005 -22"><span class='ocrx_word' id='word_1_223' title='bbox 194 2830 220 2872; x_wconf 80' lang='lat' dir='ltr'><strong>rs</strong></span> <span class='ocrx_word' id='word_1_224' title='bbox 241 2833 314 2891; x_wconf 82' lang='lat' dir='ltr'><strong>agro</strong></span> <span class='ocrx_word' id='word_1_225' title='bbox 337 2816 454 2890; x_wconf 85' lang='lat' dir='ltr'><strong>positus</strong></span> <span class='ocrx_word' id='word_1_226' title='bbox 477 2815 590 2890; x_wconf 86' lang='lat' dir='ltr'><strong>fuerat,</strong></span> <span class='ocrx_word' id='word_1_227' title='bbox 614 2833 718 2874; x_wconf 89' lang='lat' dir='ltr'><strong>saxum</strong></span> <span class='ocrx_word' id='word_1_228' title='bbox 740 2816 860 2893; x_wconf 87' lang='lat' dir='ltr'><strong>ingens,</strong></span> <span class='ocrx_word' id='word_1_229' title='bbox 884 2814 923 2874; x_wconf 81' lang='lat' dir='ltr'><strong>ud</strong></span> <span class='ocrx_word' id='word_1_230' title='bbox 945 2816 1014 2891; x_wconf 88' lang='lat' dir='ltr'><strong>hoo,</strong></span> <span class='ocrx_word' id='word_1_231' title='bbox 1038 2818 1074 2874; x_wconf 88' lang='lat' dir='ltr'><strong>ut</strong></span> <span class='ocrx_word' id='word_1_232' title='bbox 1096 2817 1181 2874; x_wconf 89' lang='lat' dir='ltr'><strong>litem</strong></span> <span class='ocrx_word' id='word_1_233' title='bbox 1204 2813 1263 2876; x_wconf 89' lang='lat' dir='ltr'><strong>dis·</strong></span> 
     </span>
     <span class='ocr_line' id='line_1_27' title="bbox 240 2903 1264 2982; baseline -0.001 -19"><span class='ocrx_word' id='word_1_234' title='bbox 240 2906 373 2963; x_wconf 82' lang='lat' dir='ltr'><strong>cerneret</strong></span> <span class='ocrx_word' id='word_1_235' title='bbox 401 2904 488 2964; x_wconf 85' lang='lat' dir='ltr'><strong>arvis.</strong></span> <span class='ocrx_word' id='word_1_236' title='bbox 524 2905 605 2962; x_wconf 89' lang='lat' dir='ltr'><strong>huno</strong></span> <span class='ocrx_word' id='word_1_237' title='bbox 631 2904 730 2963; x_wconf 88' lang='lat' dir='ltr'><strong>looum</strong></span> <span class='ocrx_word' id='word_1_238' title='bbox 763 2906 1006 2982; x_wconf 84' lang='lat' dir='ltr'><strong>pronuntiantes,</strong></span> <span class='ocrx_word' id='word_1_239' title='bbox 1040 2923 1107 2964; x_wconf 88' lang='lat' dir='ltr'><strong>eum</strong></span> <span class='ocrx_word' id='word_1_240' title='bbox 1135 2903 1264 2963; x_wconf 82' lang='lat' dir='ltr'><strong>diximus</strong></span> 
     </span>
     <span class='ocr_line' id='line_1_28' title="bbox 240 2993 1263 3070; baseline 0.001 -19"><span class='ocrx_word' id='word_1_241' title='bbox 240 3011 346 3069; x_wconf 85' lang='lat' dir='ltr'><strong>eampo</strong></span> <span class='ocrx_word' id='word_1_242' title='bbox 369 2993 451 3068; x_wconf 90' lang='lat' dir='ltr'><strong>quod</strong></span> <span class='ocrx_word' id='word_1_243' title='bbox 468 2993 546 3052; x_wconf 89' lang='lat' dir='ltr'><strong>forte</strong></span> <span class='ocrx_word' id='word_1_244' title='bbox 568 2993 699 3068; x_wconf 79' lang='lat' dir='ltr'><strong>iacebat,</strong></span> <span class='ocrx_word' id='word_1_245' title='bbox 724 2996 754 3052; x_wconf 88' lang='lat' dir='ltr'><strong>et</strong></span> <span class='ocrx_word' id='word_1_246' title='bbox 775 3012 891 3053; x_wconf 90' lang='lat' dir='ltr'><strong>moram</strong></span> <span class='ocrx_word' id='word_1_247' title='bbox 914 2995 1103 3070; x_wconf 87' lang='lat' dir='ltr'><strong>interponere</strong></span> <span class='ocrx_word' id='word_1_248' title='bbox 1123 2993 1263 3053; x_wconf 79' lang='lat' dir='ltr'><strong>debemus</strong></span> 
     </span>
     <span class='ocr_line' id='line_1_29' title="bbox 240 3081 1263 3160; baseline 0.002 -20"><span class='ocrx_word' id='word_1_249' title='bbox 240 3084 271 3140; x_wconf 91' lang='lat' dir='ltr'><strong>et</strong></span> <span class='ocrx_word' id='word_1_250' title='bbox 300 3100 438 3158; x_wconf 79' lang='lat' dir='ltr'><strong>seperare</strong></span> <span class='ocrx_word' id='word_1_251' title='bbox 468 3081 553 3141; x_wconf 90' lang='lat' dir='ltr'><strong>limes</strong></span> <span class='ocrx_word' id='word_1_252' title='bbox 588 3099 659 3160; x_wconf 82' lang='lat' dir='ltr'><strong>agro</strong></span> <span class='ocrx_word' id='word_1_253' title='bbox 689 3083 820 3158; x_wconf 88' lang='lat' dir='ltr'><strong>positus,</strong></span> <span class='ocrx_word' id='word_1_254' title='bbox 852 3102 889 3141; x_wconf 87' lang='lat' dir='ltr'><strong>ne</strong></span> <span class='ocrx_word' id='word_1_255' title='bbox 920 3084 998 3142; x_wconf 85' lang='lat' dir='ltr'><strong>male</strong></span> <span class='ocrx_word' id='word_1_256' title='bbox 1024 3083 1177 3160; x_wconf 87' lang='lat' dir='ltr'><strong>iungendo</strong></span> <span class='ocrx_word' id='word_1_257' title='bbox 1209 3101 1263 3142; x_wconf 92' lang='lat' dir='ltr'><strong>nos</strong></span> 
     </span>
     <span class='ocr_line' id='line_1_30' title="bbox 239 3170 1264 3247; baseline 0.002 -18"><span class='ocrx_word' id='word_1_258' title='bbox 239 3172 387 3230; x_wconf 80' lang='lat' dir='ltr'><strong>faciamus</strong></span> <span class='ocrx_word' id='word_1_259' title='bbox 410 3170 520 3230; x_wconf 90' lang='lat' dir='ltr'><strong>vitium</strong></span> <span class='ocrx_word' id='word_1_260' title='bbox 543 3171 623 3247; x_wconf 87' lang='lat' dir='ltr'><strong>quod</strong></span> <span class='ocrx_word' id='word_1_261' title='bbox 646 3174 736 3247; x_wconf 84' lang='lat' dir='ltr'><strong>poeta</strong></span> <span class='ocrx_word' id='word_1_262' title='bbox 758 3189 820 3230; x_wconf 91' lang='lat' dir='ltr'><strong>non</strong></span> <span class='ocrx_word' id='word_1_263' title='bbox 842 3171 922 3231; x_wconf 85' lang='lat' dir='ltr'><strong>feeit.</strong></span> <span class='ocrx_word' id='word_1_264' title='bbox 953 3172 1109 3231; x_wconf 73' lang='lat' dir='ltr'><strong>vixillum</strong></span> <span class='ocrx_word' id='word_1_265' title='bbox 1133 3172 1196 3230; x_wconf 83' lang='lat' dir='ltr'><strong>leete&#39;</strong></span> <span class='ocrx_word' id='word_1_266' title='bbox 1219 3172 1264 3231; x_wconf 78' lang='lat' dir='ltr'><strong>bis</strong></span> 
     </span>
     <span class='ocr_line' id='line_1_31' title="bbox 194 3261 1325 3335; baseline 0.001 -18"><span class='ocrx_word' id='word_1_267' title='bbox 194 3275 221 3317; x_wconf 83' lang='lat' dir='ltr'><strong>so</strong></span> <span class='ocrx_word' id='word_1_268' title='bbox 239 3277 290 3318; x_wconf 79' lang='lat' dir='ltr'><strong>see</strong></span> <span class='ocrx_word' id='word_1_269' title='bbox 313 3261 421 3319; x_wconf 80' lang='lat' dir='ltr'><strong>eeroiee</strong></span> <span class='ocrx_word' id='word_1_270' title='bbox 438 3261 581 3329; x_wconf 77' lang='lat' dir='ltr'><strong>subirent,</strong></span> <span class='ocrx_word' id='word_1_271' title='bbox 606 3261 708 3333; x_wconf 79' lang='lat' dir='ltr'><strong>quotie</strong></span> <span class='ocrx_word' id='word_1_272' title='bbox 725 3278 805 3319; x_wconf 80' lang='lat' dir='ltr'><strong>nune</strong></span> <span class='ocrx_word' id='word_1_273' title='bbox 822 3261 973 3319; x_wconf 77' lang='lat' dir='ltr'><strong>bominum</strong></span> <span class='ocrx_word' id='word_1_274' title='bbox 986 3261 1125 3335; x_wconf 70' lang='lat' dir='ltr'><strong>proderet</strong></span> <span class='ocrx_word' id='word_1_275' title='bbox 1141 3268 1325 3334; x_wconf 74' lang='lat' dir='ltr'><strong>corporaeoo</strong></span> 
     </span>
     <span class='ocr_line' id='line_1_32' title="bbox 240 3348 1264 3426; baseline 0.001 -19"><span class='ocrx_word' id='word_1_276' title='bbox 240 3348 338 3408; x_wconf 75' lang='lat' dir='ltr'><strong>tellus:</strong></span> <span class='ocrx_word' id='word_1_277' title='bbox 361 3349 424 3423; x_wconf 85' lang='lat' dir='ltr'><strong>vix,</strong></span> <span class='ocrx_word' id='word_1_278' title='bbox 447 3349 561 3424; x_wconf 87' lang='lat' dir='ltr'><strong>inquit,</strong></span> <span class='ocrx_word' id='word_1_279' title='bbox 579 3349 680 3423; x_wconf 88' lang='lat' dir='ltr'><strong>illum,</strong></span> <span class='ocrx_word' id='word_1_280' title='bbox 698 3367 758 3408; x_wconf 94' lang='lat' dir='ltr'><strong>non</strong></span> <span class='ocrx_word' id='word_1_281' title='bbox 778 3350 855 3409; x_wconf 83' lang='lat' dir='ltr'><strong>dixit</strong></span> <span class='ocrx_word' id='word_1_282' title='bbox 872 3350 960 3426; x_wconf 81' lang='lat' dir='ltr'><strong>illud3</strong></span> <span class='ocrx_word' id='word_1_283' title='bbox 983 3350 1075 3408; x_wconf 89' lang='lat' dir='ltr'><strong>limiti</strong></span> <span class='ocrx_word' id='word_1_284' title='bbox 1092 3350 1184 3424; x_wconf 90' lang='lat' dir='ltr'><strong>enim,</strong></span> <span class='ocrx_word' id='word_1_285' title='bbox 1203 3370 1264 3410; x_wconf 94' lang='lat' dir='ltr'><strong>non</strong></span> 
     </span>
     <span class='ocr_line' id='line_1_33' title="bbox 239 3438 1264 3516; baseline -0.001 -18"><span class='ocrx_word' id='word_1_286' title='bbox 239 3455 310 3498; x_wconf 86' lang='lat' dir='ltr'><strong>saxo</strong></span> <span class='ocrx_word' id='word_1_287' title='bbox 329 3438 498 3514; x_wconf 89' lang='lat' dir='ltr'><strong>respondit,</strong></span> <span class='ocrx_word' id='word_1_288' title='bbox 517 3438 688 3513; x_wconf 86' lang='lat' dir='ltr'><strong>perdiderat</strong></span> <span class='ocrx_word' id='word_1_289' title='bbox 702 3439 814 3516; x_wconf 89' lang='lat' dir='ltr'><strong>quippe</strong></span> <span class='ocrx_word' id='word_1_290' title='bbox 834 3439 899 3498; x_wconf 84' lang='lat' dir='ltr'><strong>saxi</strong></span> <span class='ocrx_word' id='word_1_291' title='bbox 912 3457 1020 3498; x_wconf 89' lang='lat' dir='ltr'><strong>nomen</strong></span> <span class='ocrx_word' id='word_1_292' title='bbox 1039 3442 1070 3499; x_wconf 88' lang='lat' dir='ltr'><strong>et</strong></span> <span class='ocrx_word' id='word_1_293' title='bbox 1085 3440 1185 3513; x_wconf 91' lang='lat' dir='ltr'><strong>limes,</strong></span> <span class='ocrx_word' id='word_1_294' title='bbox 1203 3458 1264 3498; x_wconf 91' lang='lat' dir='ltr'><strong>non</strong></span> 
     </span>
     <span class='ocr_line' id='line_1_34' title="bbox 238 3526 1264 3604; baseline 0 -17"><span class='ocrx_word' id='word_1_295' title='bbox 238 3546 344 3587; x_wconf 86' lang='lat' dir='ltr'><strong>saxum</strong></span> <span class='ocrx_word' id='word_1_296' title='bbox 373 3526 536 3586; x_wconf 89' lang='lat' dir='ltr'><strong>dioebatur.</strong></span> <span class='ocrx_word' id='word_1_297' title='bbox 578 3528 658 3602; x_wconf 87' lang='lat' dir='ltr'><strong>quod</strong></span> <span class='ocrx_word' id='word_1_298' title='bbox 687 3530 789 3587; x_wconf 86' lang='lat' dir='ltr'><strong>autem</strong></span> <span class='ocrx_word' id='word_1_299' title='bbox 821 3529 866 3587; x_wconf 88' lang='lat' dir='ltr'><strong>ait</strong></span> <span class='ocrx_word' id='word_1_300' title='bbox 894 3527 944 3588; x_wconf 84' lang='lat' dir='ltr'><strong>vix</strong></span> <span class='ocrx_word' id='word_1_301' title='bbox 977 3531 1008 3587; x_wconf 89' lang='lat' dir='ltr'><strong>et</strong></span> <span class='ocrx_word' id='word_1_302' title='bbox 1040 3527 1156 3588; x_wconf 84' lang='lat' dir='ltr'><strong>addidit</strong></span> <span class='ocrx_word' id='word_1_303' title='bbox 1184 3529 1264 3604; x_wconf 89' lang='lat' dir='ltr'><strong>leoti,</strong></span> 
     </span>
    </p>
   </div>
   <div class='ocr_carea' id='block_1_3' title="bbox 237 3678 1290 3950">
    <p class='ocr_par' dir='ltr' id='par_1_3' title="bbox 237 3678 1290 3950">
     <span class='ocr_line' id='line_1_35' title="bbox 312 3678 1263 3748; baseline 0.003 -16"><span class='ocrx_word' id='word_1_304' title='bbox 312 3685 397 3748; x_wconf 70' lang='lat' dir='ltr'><strong>tque</strong></span> <span class='ocrx_word' id='word_1_305' title='bbox 410 3678 436 3732; x_wconf 93' lang='lat' dir='ltr'>V</span> <span class='ocrx_word' id='word_1_306' title='bbox 450 3679 524 3733; x_wconf 78' lang='lat' dir='ltr'><strong>uude</strong></span> <span class='ocrx_word' id='word_1_307' title='bbox 538 3678 581 3732; x_wconf 92' lang='lat' dir='ltr'><strong>ed.</strong></span> <span class='ocrx_word' id='word_1_308' title='bbox 597 3695 649 3746; x_wconf 75' lang='lat' dir='ltr'><strong>quo</strong></span> <span class='ocrx_word' id='word_1_309' title='bbox 663 3695 721 3733; x_wconf 91' lang='lat' dir='ltr'><strong>nos.</strong></span> <span class='ocrx_word' id='word_1_310' title='bbox 778 3680 1007 3734; x_wconf 69' lang='lat' dir='ltr'><strong>Sattiaeoastam</strong></span> <span class='ocrx_word' id='word_1_311' title='bbox 1021 3679 1064 3734; x_wconf 88' lang='lat' dir='ltr'><strong>ed.</strong></span> <span class='ocrx_word' id='word_1_312' title='bbox 1117 3685 1149 3732; x_wconf 76' lang='lat'><strong>1⁷</strong></span> <span class='ocrx_word' id='word_1_313' title='bbox 1164 3697 1263 3735; x_wconf 75' lang='lat' dir='ltr'><strong>eaerum</strong></span> 
     </span>
     <span class='ocr_line' id='line_1_36' title="bbox 238 3749 1262 3820; baseline -0.002 -14"><span class='ocrx_word' id='word_1_314' title='bbox 238 3752 385 3819; x_wconf 74' lang='lat' dir='ltr'><strong>antiquum</strong></span> <span class='ocrx_word' id='word_1_315' title='bbox 398 3752 430 3804; x_wconf 76' lang='lat' dir='ltr'><strong>ebe</strong></span> <span class='ocrx_word' id='word_1_316' title='bbox 448 3767 495 3805; x_wconf 79' lang='lat' dir='ltr'><strong>ens</strong></span> <span class='ocrx_word' id='word_1_317' title='bbox 510 3750 590 3805; x_wconf 90' lang='lat' dir='ltr'><strong>deest</strong></span> <span class='ocrx_word' id='word_1_318' title='bbox 602 3749 675 3816; x_wconf 87' lang='lat' dir='ltr'><strong>inV,</strong></span> <span class='ocrx_word' id='word_1_319' title='bbox 686 3750 736 3804; x_wconf 87' lang='lat' dir='ltr'><strong>sed</strong></span> <span class='ocrx_word' id='word_1_320' title='bbox 746 3749 912 3820; x_wconf 81' lang='lat' dir='ltr'><strong>explicatur.</strong></span> <span class='ocrx_word' id='word_1_321' title='bbox 957 3755 991 3804; x_wconf 86' lang='lat'><strong>18</strong></span> <span class='ocrx_word' id='word_1_322' title='bbox 1000 3767 1040 3820; x_wconf 81' lang='lat' dir='ltr'><strong>po</strong></span> <span class='ocrx_word' id='word_1_323' title='bbox 1054 3768 1104 3820; x_wconf 90' lang='lat' dir='ltr'><strong>pro</strong></span> <span class='ocrx_word' id='word_1_324' title='bbox 1114 3750 1262 3820; x_wconf 79' lang='lat' dir='ltr'><strong>positueV.</strong></span> 
     </span>
     <span class='ocr_line' id='line_1_37' title="bbox 238 3820 1267 3892; baseline -0.002 -16"><span class='ocrx_word' id='word_1_325' title='bbox 238 3827 273 3876; x_wconf 80' lang='lat'><strong>20</strong></span> <span class='ocrx_word' id='word_1_326' title='bbox 288 3823 399 3891; x_wconf 63' lang='lat' dir='ltr'><strong>positas</strong></span> <span class='ocrx_word' id='word_1_327' title='bbox 451 3822 574 3890; x_wconf 80' lang='lat' dir='ltr'><strong>positum</strong></span> <span class='ocrx_word' id='word_1_328' title='bbox 593 3820 636 3875; x_wconf 90' lang='lat' dir='ltr'><strong>ed.</strong></span> <span class='ocrx_word' id='word_1_329' title='bbox 664 3821 667 3892; x_wconf 71' lang='lat' dir='ltr'><strong>t</strong></span> <span class='ocrx_word' id='word_1_330' title='bbox 694 3822 861 3877; x_wconf 71' lang='lat' dir='ltr'><strong>sotietatem</strong></span> <span class='ocrx_word' id='word_1_331' title='bbox 874 3821 908 3875; x_wconf 89' lang='lat' dir='ltr'><strong>V.</strong></span> <span class='ocrx_word' id='word_1_332' title='bbox 964 3828 999 3876; x_wconf 78' lang='lat'><strong>24</strong></span> <span class='ocrx_word' id='word_1_333' title='bbox 1017 3828 1056 3877; x_wconf 84' lang='lat' dir='ltr'><strong>est</strong></span> <span class='ocrx_word' id='word_1_334' title='bbox 1072 3839 1167 3878; x_wconf 74' lang='lat' dir='ltr'><strong>aeneas</strong></span> <span class='ocrx_word' id='word_1_335' title='bbox 1180 3821 1207 3875; x_wconf 82' lang='lat' dir='ltr'><strong>V</strong></span> <span class='ocrx_word' id='word_1_336' title='bbox 1224 3829 1267 3875; x_wconf 79' lang='lat' dir='ltr'><strong>est</strong></span> 
     </span>
     <span class='ocr_line' id='line_1_38' title="bbox 237 3888 1290 3950; baseline -0.009 0"><span class='ocrx_word' id='word_1_337' title='bbox 237 3895 312 3950; x_wconf 80' lang='lat' dir='ltr'><strong>euim</strong></span> <span class='ocrx_word' id='word_1_338' title='bbox 329 3907 425 3948; x_wconf 80' lang='lat' dir='ltr'><strong>sensus</strong></span> <span class='ocrx_word' id='word_1_339' title='bbox 440 3894 483 3948; x_wconf 84' lang='lat' dir='ltr'><strong>se&#39;e</strong></span> <span class='ocrx_word' id='word_1_340' title='bbox 499 3892 542 3946; x_wconf 87' lang='lat' dir='ltr'><strong>ed.</strong></span> <span class='ocrx_word' id='word_1_341' title='bbox 595 3897 628 3946; x_wconf 77' lang='lat'><strong>26</strong></span> <span class='ocrx_word' id='word_1_342' title='bbox 648 3892 768 3950; x_wconf 79' lang='lat' dir='ltr'><strong>dicimus</strong></span> <span class='ocrx_word' id='word_1_343' title='bbox 787 3892 833 3949; x_wconf 91' lang='lat' dir='ltr'><strong>ed.</strong></span> <span class='ocrx_word' id='word_1_344' title='bbox 883 3899 922 3948; x_wconf 66' lang='lat' dir='ltr'><strong>tt</strong></span> <span class='ocrx_word' id='word_1_345' title='bbox 938 3898 1065 3950; x_wconf 62' lang='lat' dir='ltr'><strong>eet—ts</strong></span> <span class='ocrx_word' id='word_1_346' title='bbox 1081 3894 1222 3946; x_wconf 69' lang='lat' dir='ltr'><strong>dtoerebun</strong></span> <span class='ocrx_word' id='word_1_347' title='bbox 1236 3888 1290 3939; x_wconf 58' lang='lat' dir='ltr'><strong>ab..</strong></span> 
     </span>
    </p>
   </div>
   <div class='ocr_carea' id='block_1_4' title="bbox 0 0 1576 4375">
    <p class='ocr_par' dir='ltr' id='par_1_4' title="bbox 0 0 1576 4375">
     <span class='ocr_line' id='line_1_39' title="bbox 0 0 1576 4375; baseline 0 0"><span class='ocrx_word' id='word_1_348' title='bbox 0 0 1576 4375; x_wconf 95' lang='lat' dir='ltr'><strong> </strong></span> 
     </span>
    </p>
   </div>
  </div>
 </body>
</html>
