3142 4375
663 468 847 523 AENRIDOS
865 468 890 522 X
1220 471 1285 539 337

270 638 395 700 occasio.
445 636 519 698 dicit
549 656 672 697 causam
701 656 778 713 quae
807 638 905 715 magis
930 636 1062 697 faciebat
1090 637 1152 697 tela
1180 638 1287 697 inrita:

269 727 385 798 deflerit
399 728 510 799 partim
528 727 701 800 stringentia
719 743 824 799 eorpus
842 726 924 812 cirne
943 726 1042 787 Venno
1047 747 1058 798 ;
1081 726 1186 786 aderat
1208 725 1288 786 enim

268 818 366 875 mater
394 814 457 875 filio
487 818 518 874 et
546 814 682 891 potentia
710 814 841 875 numinis
871 816 919 876 sui
948 815 1131 875 venientium
1158 817 1288 876 telorum

268 907 347 965 ictus
370 903 604 981 violentiamque
627 904 800 982 frangebat,
822 924 860 963 ne
883 923 991 981 corpus
1009 906 1075 964 eius
1094 905 1287 981 aliquatenus

239 994 431 1055 slaedereut.
482 994 577 1066 fidum
599 992 716 1053 Aeneas
745 994 869 1067 edfntrn
897 992 1045 1053 Acbeten:
1074 993 1190 1053 Aeneas
1221 1013 1288 1053 cum

269 1082 394 1144 vidisset
407 1082 570 1159 constipati
583 1086 671 1141 cunei
683 1082 804 1142 turbam
817 1102 927 1161 magno
942 1082 1101 1143 adversum
1114 1100 1146 1143 se
1160 1083 1289 1142 telorum

269 1190 393 1232 numero
423 1174 536 1231 certare
566 1174 657 1247 atque
686 1171 877 1246 contendere,
904 1172 1061 1232 adlocutus
1084 1175 1131 1232 est
1152 1171 1289 1231 Achaten

269 1262 364 1321 fidum
386 1260 445 1321 sibi
467 1263 498 1320 ot
520 1262 737 1337 conprobatum
754 1262 788 1320 in
806 1261 956 1336 omnibus,
979 1265 1016 1322 ut
1032 1262 1094 1320 tela
1111 1264 1144 1320 in
1162 1280 1213 1321 eos
1230 1260 1288 1321 sibi

269 1349 408 1412 iacienda
430 1354 616 1429 suggereret;
639 1351 671 1410 vi
693 1351 774 1409 enim
795 1350 907 1410 maiore
930 1350 976 1411 uis
999 1352 1097 1410 maior
1119 1352 1218 1410 fuerat
1241 1371 1288 1410 ex·

226 1459 253 1499 10
270 1438 428 1504 cludenda.
472 1456 605 1514 snppere,
628 1438 742 1516 inquit,
770 1439 828 1499 telo
849 1440 936 1498 mibi:
962 1456 1023 1499 non
1048 1440 1144 1498 nlttnn
1170 1440 1290 1499 dextere

268 1531 385 1604 fnestra
398 1529 513 1588 torserit
529 1530 563 1587 r'n
575 1528 710 1597 Rnnctcs,
728 1531 867 1587 steternnt
884 1545 958 1600 orne
975 1529 1009 1586 e‘n
1026 1545 1144 1601 corpore
1163 1527 1291 1588 aaran

269 1618 376 1678 Iliacis
403 1618 529 1691 correpte:
565 1616 654 1695 qnasi
689 1616 933 1677 consuetudinem
969 1616 1114 1676 haberent
1144 1617 1197 1676 illa
1228 1617 1352 1681 talanat

270 1706 411 1781 feriendi,
434 1708 477 1766 sic
500 1707 544 1766 ait
567 1725 693 1785 suggere
715 1707 778 1766 tela
799 1706 875 1765 mihi
892 1726 970 1782 qnae
988 1708 1138 1765 steterunt
1154 1707 1187 1765 in
1205 1704 1290 1766 Grai·

271 1816 358 1857 orum
380 1814 516 1873 corpore,
539 1814 607 1855 cnm
625 1798 811 1874 pugnaretur
827 1795 860 1853 in
878 1795 982 1871 Troia,
1001 1794 1089 1872 quasi
1107 1797 1151 1856 sie
1169 1797 1292 1870 possent

226 1901 254 1943 rs
271 1890 352 1946 stare
373 1887 407 1944 in
429 1884 603 1961 corporibus
625 1885 815 1945 Rutulorum.
856 1886 917 1944 scio
940 1886 1021 1944 enim
1042 1885 1116 1943 haec
1139 1884 1291 1944 domnam

271 1993 370 2034 meam
391 1993 452 2034 non
475 1974 588 2034 frustra
610 1992 673 2033 esse
700 1975 868 2034 missuram.
918 1978 980 2032 tnrn
1005 1991 1146 2049 nrapnorn
1172 1974 1292 2047 corripit

271 2064 388 2124 bostem
410 2067 438 2123 et
459 2064 543 2123 iecit:
564 2082 706 2141 magnam
724 2064 844 2123 hastam
862 2080 948 2140 posse
966 2065 1062 2121 iacere
1080 2066 1213 2139 quantae
1231 2062 1291 2121 vir·

271 2152 348 2214 tutis
372 2154 429 2214 estl
461 2153 516 2213 ille
537 2152 641 2212 colons
664 2152 749 2226 clipei
770 2154 988 2212 trnnsoerbernt
1010 2169 1083 2213 nere
1104 2152 1243 2212 Maeonis
1266 2156 1293 2212 et

273 2243 394 2304 thorace
421 2243 511 2302 s‘nnnl
540 2259 606 2301 crnn
630 2246 745 2316 pectore
773 2244 899 2315 rnenpit:
927 2243 1036 2301 thorax
1065 2241 1177 2302 dicitur
1204 2242 1291 2301 indu·

225 2349 256 2389 ao
272 2334 410 2392 mentum
439 2350 498 2408 quo
522 2331 651 2391 bellator
679 2349 774 2408 usque
805 2332 844 2390 ad
872 2334 975 2407 pectus
1005 2333 1167 2392 munitur.⁴
1203 2333 1293 2390 hasta

272 2421 369 2500 igitur
397 2420 489 2481 missa
518 2419 556 2480 ab
578 2419 680 2479 Aenea
712 2424 742 2480 et
771 2423 889 2480 scutum
919 2423 949 2480 et
977 2421 1101 2480 thoraca
1130 2423 1162 2479 et
1188 2423 1292 2496 pectus

272 2509 408 2571 Maeonis
434 2511 580 2587 perrupit.
628 2509 696 2569 lento
724 2510 820 2583 freter
847 2510 926 2568 snbn‘t
953 2507 1086 2568 Alcanor
1114 2509 1293 2582 fratremque

272 2603 405 2660 menn
435 2603 578 2659 snstentet
608 2599 725 2658 dentre:
761 2618 827 2658 cum
859 2598 966 2657 Mneon
998 2597 1131 2671 caderet,
1163 2600 1293 2656 occurrit

274 2689 419 2763 Alcanor,
442 2689 495 2764 qui
517 2689 667 2764 exciperet
689 2687 844 2747 cadentem
867 2691 898 2747 et
919 2689 1115 2760 sustentaret,
1138 2688 1165 2745 si
1182 2691 1292 2762 posset.

226 2793 256 2835 ss
274 2779 393 2839 traiecto
414 2779 508 2837 rnn'ssn
530 2778 635 2837 lacerto
654 2778 793 2851 protinus
814 2776 900 2835 besto
917 2777 994 2849 fnpe’t
1011 2777 1155 2848 tranttpne
1173 2780 1355 2838 cruentando

274 2871 414 2936 tenorem,
441 2867 616 2939 denternqne
642 2883 677 2925 ec
703 2883 803 2924 nmero
825 2865 924 2924 nenne
945 2865 1123 2924 moribundo
1142 2865 1293 2938 pependit:

274 2955 434 3017 Alcanoris
462 2958 590 3015 mortem
618 2956 675 3014 hoc
704 2955 794 3014 modo
824 2954 993 3029 descripsit3
1023 2972 1092 3013 cum
1121 2955 1201 3012 enim
1224 2973 1292 3013 oon·

274 3045 386 3105 tineret
407 3044 529 3105 dextera
547 3063 602 3104 sua
619 3044 707 3103 illum
725 3045 779 3120 qui
797 3043 953 3117 ceciderat,
972 3041 1033 3102 alia
1050 3044 1139 3102 hasta
1156 3062 1293 3102 umerum

275 3135 341 3195 eius
364 3134 524 3211 percussit,
547 3152 609 3210 qua
632 3152 723 3193 causa
745 3133 869 3192 abscisis
892 3132 990 3192 nervis
1014 3131 1157 3209 pependit
1185 3151 1293 3191 manus

228 3240 257 3280 ao
274 3225 319 3285 sio
341 3225 481 3301 separata
504 3242 523 3282 a
546 3241 681 3299 corpore,
703 3224 739 3281 ut
760 3226 888 3281 mortem
910 3239 996 3281 suam
1019 3223 1182 3280 testaretur
1200 3225 1231 3281 et
1247 3222 1292 3280 in-

349 3363 365 3412 3
383 3359 504 3414 nonneis
517 3356 568 3410 VR
587 3373 654 3410 corr.
675 3356 718 3410 ed.
787 3361 804 3410 8
822 3358 854 3411 in
872 3373 902 3411 eo
919 3359 945 3410 si
958 3355 1010 3410 VR
1027 3357 1059 3410 in
1076 3372 1120 3410 eos
1138 3354 1181 3409 ed.
1201 3357 1233 3409 in
1250 3371 1294 3409 eos

273 3430 330 3487 nbi
352 3445 411 3484 nos.
488 3433 656 3498 saupperct
677 3427 721 3481 ed.
753 3427 756 3498 Ι
789 3434 822 3483 nt
839 3427 891 3481 VR
907 3429 936 3482 et
954 3444 1005 3481 nos
1024 3426 1059 3480 cf.
1075 3431 1126 3480 '158
1145 3433 1204 3480 eret
1223 3426 1291 3498 ed}

273 3504 318 3559 eis
336 3500 390 3556 VR
413 3502 442 3555 nr‘
465 3502 507 3554 nte
532 3499 573 3555 ed
605 3498 609 3571 l
642 3501 736 3567 snernt
763 3515 816 3552 om.
841 3498 884 3552 ed.
964 3504 998 3553 10
1023 3514 1080 3553 non
1103 3498 1212 3552 nnllnrn
1234 3496 1293 3552 VR.

274 3579 310 3630 11
328 3574 458 3629 stitenent
470 3570 529 3626 VR.
582 3576 615 3625 14
629 3577 824 3640 pnpnorentnr
836 3569 895 3624 VR.
948 3575 980 3624 17
995 3575 1100 3638 qnentc
1114 3568 1147 3622 V·
1199 3573 1232 3622 18
1248 3584 1294 3623 no-

274 3646 335 3702 nne
351 3643 378 3699 R
401 3659 470 3698 corr.
489 3661 511 3697 r.
585 3647 619 3696 23
641 3648 748 3697 nentem
766 3640 817 3694 VR
840 3657 909 3694 corr.
929 3659 950 3694 r.
1028 3646 1061 3695 25
1086 3641 1225 3708 transitque
1242 3639 1294 3693 VR

273 3721 415 3785 ematque
441 3713 509 3768 libri
533 3712 617 3783 Verg.
696 3719 730 3767 26
756 3715 822 3781 post
841 3713 975 3780 pependit
993 3711 1019 3765 V
1043 3711 1145 3780 prioris
1170 3711 1294 3780 paginae

344 3786 351 3800 ‘
386 3785 523 3855 quosdam
541 3801 637 3840 versus
656 3786 684 3838 et
703 3783 821 3838 alteram
839 3786 931 3838 totam
947 3799 1040 3838 uacua
1055 3782 1196 3851 reliquit„
1206 3781 1311 3849 pergit

285 3857 325 3915 ol
341 3862 393 3915 139
411 3855 447 3911 ab
466 3858 604 3924 nicanore,
623 3856 653 3910 in
670 3855 697 3910 R
715 3855 796 3911 nulla
814 3854 1016 3929 intercapedo.
1286 3857 1302 3885 ⁸

320 3966 379 4007 Don.
387 3965 482 4014 tutem.
493 3966 558 4017 Vere,
574 3967 619 4007 rol.
628 3967 660 4008 11.
1129 3969 1174 4018 Ὢ
