3142 4375
617 466 881 524 scrumosum
1198 472 1260 538 181

241 641 310 697 tum
332 637 491 714 sitneque
514 637 604 696 fluere
627 638 724 713 possit
745 640 782 697 ut
804 637 946 697 solutum.
991 655 1057 696 ecee
1085 637 1161 697 dixit
1188 658 1261 715 quo·

241 726 332 786 modo
353 726 487 787 laborem
515 726 613 803 operis
641 725 821 785 divisissent
863 726 930 801 alii,
952 725 1066 803 inquit,
1093 727 1263 787 conflabant

243 834 307 891 aes,
337 816 391 875 alii
420 836 542 891 aurum,
572 814 625 874 alii
654 815 767 873 ferrum
797 814 987 891 molliebant3
1014 835 1075 875 non
1098 815 1177 875 enim
1199 816 1264 876 fieri

242 906 362 981 poterat
383 907 420 965 ut
442 905 553 966 diversi
575 906 693 983 generis
715 904 841 963 metelle
859 906 891 963 in
910 924 1002 965 unam
1019 906 1173 965 fornacem
1192 925 1262 965 con·

210 996 429 1072 egererentur,
452 993 504 1054 sed
530 997 567 1053 ut
594 994 695 1053 omnia
722 1012 781 1053 uno
809 995 942 1072 tempore
969 995 1081 1055 bituris
1108 994 1263 1071 speciebus

241 1085 350 1160 parata
363 1083 581 1161 praevenirent.
608 1083 667 1141 alii
684 1084 781 1161 igitur
800 1082 867 1143 aliis
882 1103 1004 1161 operam
1018 1084 1140 1144 dabant
1171 1104 1263 1144 unam

240 1173 357 1232 interea
385 1172 549 1248 fornacem,
578 1191 669 1248 quam
699 1171 775 1231 dixit
805 1175 936 1248 vastam,
966 1174 1008 1233 sie
1041 1173 1181 1234 debemus
1216 1192 1262 1233 ec·

242 1261 357 1340 cipere,
384 1263 422 1321 ut
452 1280 513 1321 una
545 1261 685 1340 singulis,
716 1281 777 1321 non
810 1261 948 1321 omnibus
980 1263 1094 1339 pariter
1125 1263 1264 1322 videatur

241 1350 335 1411 leuse
358 1349 503 1427 deputata
525 1350 706 1428 perindeque
729 1353 765 1410 ut
786 1368 849 1409 una
871 1350 939 1410 auri
961 1351 1065 1427 fuerit,
1093 1352 1154 1411 alie
1178 1353 1263 1427 aeris,

198 1455 224 1495 eo
242 1439 304 1501 alia
326 1440 408 1499 ferri.
447 1440 605 1499 vulnificus
627 1440 763 1517 chalybs:
787 1443 860 1499 tuno
882 1440 1054 1516 vulnificus,
1077 1442 1151 1516 quia
1174 1461 1263 1517 prop·

240 1531 289 1590 ter
319 1528 509 1589 fabricandos
542 1528 658 1607 gladios
695 1528 874 1605 parabatur,
911 1531 1054 1604 ceterum,
1092 1530 1118 1589 si
1150 1533 1200 1590 eat
1230 1532 1263 1589 in

242 1618 350 1679 navale
373 1637 448 1696 opus
472 1620 525 1677 aut
546 1619 695 1678 rusticum
718 1620 773 1677 aut
795 1617 891 1677 simile
915 1617 1011 1692 aliud,
1033 1637 1094 1677 non
1117 1618 1175 1678 erit
1197 1620 1263 1679 vul-

241 1706 357 1767 nificus.
386 1709 531 1782 inpendens
549 1708 673 1782 clipeum
690 1708 869 1780 informant:
886 1708 935 1766 hic
953 1707 1045 1767 simul
1063 1710 1134 1767 sunt
1152 1726 1263 1783 omnes,

241 1798 279 1856 ut
308 1797 487 1856 informetur
518 1816 580 1856 una
612 1795 725 1873 speeies
756 1797 862 1856 maior.
913 1814 1008 1855 unum
1034 1797 1135 1856 munic
1162 1800 1263 1856 conire

196 1899 224 1941 ee
241 1885 300 1945 iciu
328 1885 524 1945 Latinorum
553 1886 691 1962 exposuit
721 1884 802 1961 quod
831 1884 921 1960 dixit,
949 1884 1103 1963 ingentem
1135 1885 1264 1962 clipeum

243 1992 303 2051 qno
335 1977 438 2052 posset
468 1977 603 2053 gestator
635 1992 799 2049 occurrere,
833 1974 952 2035 etiamsi
978 1974 1094 2034 Latinis
1125 1973 1263 2034 omnibns

243 2064 334 2124 simul
356 2065 453 2124 iacere
476 2064 537 2124 tela
560 2063 731 2140 placuisset.
777 2062 830 2122 sed
856 2064 912 2122 hoc
940 2082 975 2123 ex
1002 2083 1130 2140 persona
1156 2068 1263 2141 poetae

243 2152 384 2214 debemus
414 2155 561 2232 accipere,
593 2156 723 2213 ceterum
754 2152 927 2213 nesciebant
958 2151 1101 2230 Cyclopes
1133 2154 1184 2213 eui
1215 2153 1264 2214 vel

243 2245 349 2303 contra
384 2263 473 2320 quem
509 2262 593 2302 arma
627 2243 681 2302 illa
715 2245 904 2319 pararentur.
954 2246 1024 2319 post
1058 2242 1136 2302 scuti
1169 2243 1265 2322 igitur

194 2346 225 2387 ao
243 2331 372 2392 formam
394 2335 515 2392 textura
538 2332 601 2392 eius
625 2335 840 2408 consequenter
869 2333 1050 2393 ostenditur:
1078 2336 1265 2406 septenosque

242 2422 362 2480 ordibus
384 2423 463 2481 orbis
485 2423 646 2495 inpediunt.
700 2421 940 2497 quattuordecim
967 2422 1086 2482 circulis
1109 2423 1152 2481 sie
1175 2421 1265 2498 clipei

241 2513 363 2570 textura
385 2510 524 2571 currebat
546 2510 691 2570 ordinatis
715 2510 853 2587 orbibus,
876 2514 912 2571 ut
934 2529 965 2571 se
992 2511 1119 2570 invicem
1147 2514 1263 2571 nectere

242 2601 274 2659 et
299 2598 434 2677 inpedire
466 2599 647 2660 riderentur.
696 2599 805 2678 incipit
836 2619 956 2660 rursum
988 2601 1096 2675 exponi
1123 2600 1195 2676 quid
1224 2601 1264 2660 sit

241 2687 417 2766 pariterque
439 2687 571 2748 laborem
595 2689 707 2749 sortiti:
731 2691 785 2748 aiii
807 2691 935 2748 ventosis
955 2689 1077 2762 follibus
1100 2707 1193 2748 anuos
1216 2699 1325 2748 (ec-460

194 2790 222 2833 ee
240 2777 356 2852 cipiunt
385 2779 574 2851 redduntque.
629 2798 688 2837 non
721 2778 800 2854 quod
837 2781 960 2839 ventum
996 2777 1141 2852 habeant,
1177 2778 1263 2837 folles

240 2866 361 2928 ventosi
383 2866 457 2927 dicti
480 2869 562 2942 sunt,
586 2867 637 2926 sed
661 2867 740 2944 quod
763 2868 888 2927 ventum
911 2869 1064 2942 emittant,
1092 2866 1146 2925 ubi
1174 2885 1263 2926 auras

242 2957 425 3033 acceperint,
456 2959 599 3032 ceterum,
629 2956 656 3016 si
685 2976 745 3016 non
776 2960 968 3031 moveantur,
995 2956 1098 3015 nullus
1127 2975 1162 3015 ex
1188 2956 1263 3031 ipsis

241 3047 350 3106 ventus
380 3045 489 3104 existit.
536 3047 590 3104 eiii
618 3045 771 3104 stridentia
802 3046 917 3120 liupuni
946 3063 1017 3105 uera
1048 3046 1129 3105 lucu:
1151 3043 1264 3105 emittit

243 3134 356 3213 quippe
379 3134 538 3194 stridorem
560 3134 672 3192 ferrum
695 3153 864 3210 accensum,
887 3153 956 3194 oum
978 3136 1011 3193 in
1034 3153 1145 3212 aquam
1171 3134 1264 3193 firerlt

194 3237 223 3279 eo
241 3222 375 3283 missurn.
419 3224 508 3298 punit
528 3224 663 3297 inpositis
684 3224 842 3282 incudibus
865 3228 999 3283 cniruu:
1021 3223 1159 3302 gemebat
1177 3241 1264 3282 omne

242 3315 365 3372 anuum
388 3311 490 3372 crebro
513 3311 676 3371 verberatis
699 3312 867 3372 incudibus.
911 3313 957 3371 iiii
983 3314 1059 3372 inter
1086 3330 1148 3372 sese
1169 3312 1264 3372 inuita

316 3503 333 3553 3
350 3499 487 3554 molebant
499 3499 526 3552 V
540 3516 608 3554 corr.
623 3499 666 3554 ed.
731 3505 746 3552 6
762 3502 937 3568 peruenirent
954 3500 998 3555 ed.
1065 3505 1099 3553 10
1117 3500 1264 3567 vulnificus

242 3569 348 3626 cbuicbs
361 3569 388 3624 V
405 3587 456 3640 que
473 3571 592 3625 inseruit
611 3570 653 3625 ed.
717 3576 749 3624 11
770 3571 854 3626 eciV
872 3573 924 3626 erit
941 3572 984 3626 ed.
1050 3577 1084 3625 14
1102 3572 1264 3638 infumare-

241 3647 291 3697 tur
309 3640 352 3695 ed.
427 3648 460 3696 16
479 3659 532 3712 quo
545 3642 571 3696 V
589 3647 620 3695 ut
638 3642 680 3695 ed.
759 3647 793 3696 1'1
815 3643 964 3711 placuisset
976 3643 1003 3696 V
1020 3644 1175 3712 centipieaet
1192 3641 1264 3766 cdx)

241 3711 333 3768 eoev
350 3713 416 3768 boec
434 3712 478 3768 ed.
533 3718 567 3766 20
586 3719 695 3768 tecture
708 3712 734 3766 V
752 3720 894 3769 contectus
912 3714 954 3768 ed.
1010 3719 1044 3766 22
1063 3715 1225 3770 currebatur

243 3799 315 3839 corr.
334 3782 378 3838 ed.
451 3789 485 3838 23
503 3783 679 3839 ciderean
694 3801 762 3839 corr.
778 3784 822 3840 ed.
852 3784 857 3859 l
886 3801 1021 3856 exponere
1044 3785 1092 3841 ed.
1164 3790 1205 3837 ‘bb
1228 3783 1283 3836 ode

242 3855 357 3912 nunant
374 3854 416 3909 ed.
489 3860 524 3909 80
541 3857 652 3912 cnu‘dud
669 3874 721 3928 pro
740 3859 895 3917 incudibus
907 3858 945 3916 V.
