3142 4375
656 493 840 549 munmos
853 494 906 549 uu
1247 496 1292 564 53

275 659 347 743 quid
383 663 463 724 enim
498 666 598 741 patere
629 663 735 722 debuit
764 664 875 739 maior,
916 681 993 739 quae
1024 661 1147 722 iubendi
1177 665 1293 723 teneret

273 754 477 832 plenissimam
508 754 710 827 voluntatem,
746 754 801 811 aut
832 750 906 830 qnid
936 755 1037 828 petere
1074 752 1113 811 ab
1147 770 1183 811 aa
1215 772 1293 828 quae

273 843 400 922 optabat
432 842 567 903 invenire
601 841 682 919 quod
711 840 861 901 verteret?
907 842 973 902 sola
1003 842 1099 919 igitur
1128 840 1293 901 insinuatio

273 930 440 994 necessaria
469 932 569 991 fuerat
595 949 702 991 causae
730 932 761 990 et
787 949 905 991 summa
932 930 1118 1009 designanda
1145 929 1293 990 desiderii.

240 1023 382 1099 sincipit
415 1021 476 1081 dici
506 1020 574 1081 laus
606 1021 639 1079 in
667 1022 772 1097 aperta
803 1019 1036 1096 vituperation03
1068 1021 1095 1080 si
1127 1020 1207 1079 enim
1238 1039 1292 1097 pro

273 1130 402 1189 persona
424 1109 548 1185 bbrriae,
570 1112 605 1168 ut
627 1109 741 1169 factum
764 1111 823 1184 est,
845 1108 927 1168 dicta
945 1110 1154 1187 intellegatur,
1174 1108 1293 1168 eviden-

273 1201 391 1262 tissima
426 1199 563 1259 laudatio
600 1201 657 1273 est,
694 1200 721 1258 si
750 1200 941 1258 removeatur
970 1199 1041 1258 huie
1077 1197 1294 1275 praedicationi

273 1308 403 1367 persona
434 1287 625 1363 conveniens,
656 1288 715 1348 erit
745 1287 919 1348 execrabilis
950 1289 983 1346 in
1016 1306 1107 1363 quam
1133 1288 1194 1347 ista
1225 1306 1294 1347 con·

274 1379 428 1441 venerant
470 1375 580 1435 dicitur
601 1396 671 1455 ergo
694 1371 751 1436 sub
775 1376 855 1453 plasi
872 1376 972 1436 laudis
994 1378 1193 1452 uituperatio,
1211 1376 1293 1436 deni·

226 1487 255 1527 10
275 1489 333 1546 que
356 1468 457 1526 locum
479 1465 710 1541 praedicationis
730 1465 878 1540 obtinuit,
901 1467 974 1542 quia
995 1465 1105 1526 Furiae
1130 1464 1293 1525 dicebatur.

275 1558 328 1617 sed
355 1556 521 1615 necessario
548 1554 751 1632 praemittitur
778 1574 882 1630 causa,
908 1557 1032 1631 propter
1059 1574 1151 1631 quarn
1173 1558 1295 1614 tantum

275 1645 391 1704 malum
414 1643 451 1703 ab
478 1643 581 1703 inferis
608 1644 710 1704 fuerat
737 1648 909 1704 evocatum:
939 1662 976 1703 ae
1004 1649 1102 1702 noster
1130 1644 1220 1702 banos
1249 1645 1294 1701 e'a-

275 1736 408 1807 fractove
436 1733 519 1793 aedat
540 1734 626 1807 fama
658 1734 726 1793 toea.
771 1737 895 1793 ventum
926 1737 985 1808 est,
1015 1732 1125 1809 inquit,
1157 1732 1195 1791 ad
1227 1752 1295 1791 eum

277 1821 440 1899 cardinem,
462 1823 564 1901 virgo,
589 1826 625 1882 ut
647 1841 754 1883 casura
777 1824 819 1882 sit
840 1822 969 1882 nominis
997 1823 1057 1881 mei
1084 1821 1222 1881 omnibus
1248 1841 1294 1880 re·

231 1912 405 1971 reverenda
431 1913 588 1986 maiestas,
617 1913 678 1971 nisi
708 1911 756 1972 bis
787 1930 864 1987 quae
890 1915 994 1971 contm
1023 1913 1096 1971 vota
1123 1930 1192 1970 mea
1218 1910 1295 1969 fiunt

275 2004 354 2061 itum
371 2000 491 2061 obviam
508 2000 608 2061 firerit.
650 1999 752 2060 cedere
770 2000 837 2060 loco
855 2000 980 2060 verbum
998 2002 1044 2060 est
1062 2020 1097 2058 ex
1115 2020 1147 2058 re
1170 2000 1296 2059 militari

275 2093 443 2166 sumptum3
469 2110 541 2150 nam
566 2090 599 2148 in
626 2110 730 2167 pugna
758 2090 812 2165 qui
838 2091 904 2150 loco
932 2090 1053 2149 cesserit
1080 2092 1200 2149 constat
1226 2110 1296 2149 eum

275 2182 458 2259 superatum.
504 2180 586 2257 quod
614 2178 711 2257 igitur
740 2179 784 2240 ait
814 2179 890 2240 luno
921 2200 959 2238 ne
991 2181 1093 2239 noster
1123 2180 1218 2239 honos
1250 2180 1295 2238 in·

274 2271 408 2330 bactave
437 2268 525 2329 cedat
551 2269 634 2328 fama
660 2269 739 2342 loco,
770 2269 921 2347 significat
947 2288 984 2328 ne
1011 2270 1109 2329 vietae
1136 2269 1295 2345 perdamus

228 2361 418 2420 roborarem
454 2359 599 2418 nostrum.
644 2359 692 2418 bis
729 2357 924 2436 subiungitur
959 2357 1117 2418 instinctio
1152 2376 1294 2435 personas

276 2447 372 2508 omnis
402 2451 433 2507 et
460 2467 525 2506 rem
554 2450 585 2506 et
615 2446 689 2523 quid
717 2447 799 2506 facto
830 2466 905 2524 opus
936 2446 977 2506 sit
1006 2446 1136 2507 breviter
1159 2448 1296 2525 signans3

276 2556 337 2596 non-
364 2538 444 2596 enim
470 2538 589 2612 tempus
613 2536 711 2596 verbis
739 2536 951 2613 prolixioribus
979 2536 1117 2613 occupari
1143 2536 1296 2610 debuerat,

275 2627 307 2685 in
339 2644 399 2701 quo
426 2644 486 2685 non
513 2625 618 2700 verba,
650 2625 702 2685 sed
733 2625 816 2685 faeta
848 2625 1077 2702 quaerebantur.
1128 2625 1297 2684 adhibenda

276 2714 389 2792 quippe
415 2714 589 2791 rumpendis
615 2713 712 2774 initiis
740 2715 877 2774 celeritas
907 2715 980 2790 fuit,
1011 2734 1048 2773 na
1078 2714 1146 2774 aliis
1176 2733 1297 2790 quoque

226 2817 256 2859 aa
276 2803 435 2864 concordia
456 2803 598 2863 roborata
621 2803 762 2864 subsidiis
786 2807 841 2863 aut
863 2804 1000 2881 superari
1027 2824 1087 2863 non
1114 2806 1217 2879 posset
1244 2805 1298 2861 aut

277 2892 439 2952 difficulter
471 2893 568 2952 evicta
595 2893 807 2953 succumberet.
854 2911 912 2951 aaa
940 2894 1071 2952 abablio
1098 2893 1210 2951 ambire
1234 2891 1297 2951 La-

225 3026 229 3032 .
277 2983 373 3042 baum
385 2980 545 3041 Aeneadae
558 2983 675 3056 possint
691 2982 821 3041 Italosue
839 2982 969 3041 obsidere
986 2983 1072 3054 fiais:
1095 2981 1174 3057 nolo,
1187 2981 1297 3058 inquit,

277 3091 346 3131 oum
364 3070 503 3130 Troianis
526 3070 655 3130 conubia
676 3071 742 3130 fieri
768 3090 823 3130 neo
841 3069 985 3130 Latinum
1012 3072 1055 3129 sio
1082 3070 1297 3146 circumveniri,

276 3163 314 3219 ut
335 3160 383 3221 his
405 3160 500 3218 filiam
522 3158 638 3235 nudat,
660 3179 698 3219 ne
720 3162 762 3219 sit
779 3159 822 3219 eis
841 3178 933 3219 eausa
951 3160 983 3217 in
1001 3159 1094 3219 Italia
1110 3159 1297 3219 remanendi:

225 3264 256 3305 aa
275 3249 348 3310 nolo
380 3247 546 3308 adfinitatis
578 3249 642 3307 iure
677 3249 868 3308 concordiam
899 3253 1003 3309 contra
1030 3257 1103 3308 vota
1133 3269 1202 3308 mea
1234 3267 1297 3308 sur-

276 3341 398 3418 gentem
435 3337 647 3397 oonvalescere.
692 3338 771 3397 redit
807 3356 928 3397 rursum
965 3337 1003 3397 ad
1034 3339 1154 3397 laudem
1187 3338 1297 3397 Furiae

351 3531 367 3580 6
395 3525 515 3580 dicta—
538 3530 553 3578 ‘1
580 3531 619 3580 eat
644 3541 696 3578 om.
722 3525 765 3580 ed.
839 3530 856 3579 8
881 3527 913 3580 ia
937 3542 993 3594 qua
1018 3525 1061 3579 ed.
1135 3531 1151 3578 9
1174 3527 1251 3594 placi
1272 3523 1298 3576 V

275 3597 365 3667 specie
383 3596 427 3651 ed.
479 3601 512 3650 15
530 3603 594 3652 octa
612 3613 673 3650 mea
686 3595 712 3649 V
730 3614 791 3651 eam
809 3597 852 3650 ed.
905 3602 937 3651 17
956 3613 1013 3651 aaa
1031 3596 1101 3650 iaV
1119 3614 1186 3651 aum
1204 3598 1236 3651 ia
1254 3596 1297 3651 ed.

277 3673 313 3723 18
331 3668 370 3724 eit
386 3669 479 3736 fracta
495 3685 526 3724 ce
545 3667 570 3721 V
590 3669 684 3738 (supra
702 3670 797 3738 recte).
866 3673 901 3721 20
919 3668 1096 3737 aubirmyitur
1113 3667 1139 3721 V
1157 3668 1303 3736 arbium

276 3739 322 3794 ed.
354 3739 357 3811 l
386 3740 530 3794 instructio
553 3756 607 3793 om.
626 3737 713 3794 HOU
731 3739 775 3794 ed.
853 3744 887 3792 21
907 3740 1022 3795 &eattae
1047 3737 1214 3795 emmau
1236 3737 1288 3790 ab.

275 3810 440 3882 aptificare
458 3809 501 3865 ed.
557 3815 590 3864 25
608 3811 744 3869 roboratis
763 3810 807 3868 ed.
864 3817 901 3869 26
923 3811 1142 3870 sacwaubere'l
1164 3827 1245 3865 corr.
1258 3804 1311 3858 ab.

277 3882 413 3938 Latinum
434 3898 470 3936 ne
483 3883 625 3940 Aeneadae
645 3882 676 3941 V.
754 3891 790 3942 28
815 3895 926 3946 uenter
944 3888 1079 3946 banau
1093 3884 1139 3940 V.
