<?xml version="1.0" encoding="UTF-8"?>
<!DOCTYPE html PUBLIC "-//W3C//DTD XHTML 1.0 Transitional//EN"
    "http://www.w3.org/TR/xhtml1/DTD/xhtml1-transitional.dtd">
<html xmlns="http://www.w3.org/1999/xhtml" xml:lang="en" lang="en">
 <head>
  <title>
</title>
<meta http-equiv="Content-Type" content="text/html;charset=utf-8" />
  <meta name='ocr-system' content='tesseract 3.04.00' />
  <meta name='ocr-capabilities' content='ocr_page ocr_carea ocr_par ocr_line ocrx_word'/>
</head>
<body>
  <div class='ocr_page' id='page_1' title='image "./tibericlaudidon00unkngoog_0584.png"; bbox 0 0 3142 4375; ppageno 0'>
   <div class='ocr_carea' id='block_1_1' title="bbox 541 468 1296 592">
    <p class='ocr_par' dir='ltr' id='par_1_1' title="bbox 541 468 1296 592">
     <span class='ocr_line' id='line_1_1' title="bbox 541 468 1296 592; baseline 0 -15"><span class='ocrx_word' id='word_1_1' title='bbox 541 468 546 477; x_wconf 37' lang='lat'>⁵</span> <span class='ocrx_word' id='word_1_2' title='bbox 658 522 842 579; x_wconf 79' lang='lat' dir='ltr'>ssnsmos</span> <span class='ocrx_word' id='word_1_3' title='bbox 860 523 912 578; x_wconf 88' lang='lat' dir='ltr'>xn</span> <span class='ocrx_word' id='word_1_4' title='bbox 1230 528 1296 592; x_wconf 81' lang='lat'>573</span> 
     </span>
    </p>
   </div>
   <div class='ocr_carea' id='block_1_2' title="bbox 228 692 1358 3623">
    <p class='ocr_par' dir='ltr' id='par_1_2' title="bbox 228 692 1358 3623">
     <span class='ocr_line' id='line_1_2' title="bbox 276 692 1297 771; baseline 0.002 -21"><span class='ocrx_word' id='word_1_5' title='bbox 276 693 404 751; x_wconf 89' lang='lat' dir='ltr'>mortuo.</span> <span class='ocrx_word' id='word_1_6' title='bbox 445 692 641 753; x_wconf 74' lang='lat' dir='ltr'><strong>subveniatur</strong></span> <span class='ocrx_word' id='word_1_7' title='bbox 662 693 758 771; x_wconf 89' lang='lat' dir='ltr'>igitur</span> <span class='ocrx_word' id='word_1_8' title='bbox 779 694 833 751; x_wconf 93' lang='lat' dir='ltr'>tuo</span> <span class='ocrx_word' id='word_1_9' title='bbox 856 692 958 767; x_wconf 86' lang='lat' dir='ltr'>fratri,</span> <span class='ocrx_word' id='word_1_10' title='bbox 984 693 1055 751; x_wconf 94' lang='lat' dir='ltr'>dum</span> <span class='ocrx_word' id='word_1_11' title='bbox 1077 692 1167 767; x_wconf 84' lang='lat' dir='ltr'>vivit,</span> <span class='ocrx_word' id='word_1_12' title='bbox 1191 694 1221 750; x_wconf 93' lang='lat' dir='ltr'>et</span> <span class='ocrx_word' id='word_1_13' title='bbox 1242 692 1297 752; x_wconf 92' lang='lat' dir='ltr'>fiat</span> 
     </span>
     <span class='ocr_line' id='line_1_3' title="bbox 276 781 1295 858; baseline 0.002 -19"><span class='ocrx_word' id='word_1_14' title='bbox 276 784 392 840; x_wconf 89' lang='lat' dir='ltr'>mature</span> <span class='ocrx_word' id='word_1_15' title='bbox 416 781 496 858; x_wconf 90' lang='lat' dir='ltr'>quod</span> <span class='ocrx_word' id='word_1_16' title='bbox 518 801 573 858; x_wconf 92' lang='lat' dir='ltr'>pro</span> <span class='ocrx_word' id='word_1_17' title='bbox 596 782 679 841; x_wconf 89' lang='lat' dir='ltr'>illius</span> <span class='ocrx_word' id='word_1_18' title='bbox 703 782 800 841; x_wconf 91' lang='lat' dir='ltr'>salute</span> <span class='ocrx_word' id='word_1_19' title='bbox 818 781 988 841; x_wconf 83' lang='lat' dir='ltr'>faciendum</span> <span class='ocrx_word' id='word_1_20' title='bbox 1012 785 1070 857; x_wconf 91' lang='lat' dir='ltr'>est,</span> <span class='ocrx_word' id='word_1_21' title='bbox 1094 801 1131 841; x_wconf 94' lang='lat' dir='ltr'>ne</span> <span class='ocrx_word' id='word_1_22' title='bbox 1148 784 1295 841; x_wconf 88' lang='lat' dir='ltr'>tractatus</span> 
     </span>
     <span class='ocr_line' id='line_1_4' title="bbox 276 870 1296 948; baseline 0.002 -20"><span class='ocrx_word' id='word_1_23' title='bbox 276 872 393 930; x_wconf 89' lang='lat' dir='ltr'>nostros</span> <span class='ocrx_word' id='word_1_24' title='bbox 423 871 504 929; x_wconf 88' lang='lat' dir='ltr'>mala</span> <span class='ocrx_word' id='word_1_25' title='bbox 532 871 732 948; x_wconf 84' lang='lat' dir='ltr'>praecipitata</span> <span class='ocrx_word' id='word_1_26' title='bbox 759 870 963 947; x_wconf 84' lang='lat' dir='ltr'>praeveniant</span> <span class='ocrx_word' id='word_1_27' title='bbox 1009 871 1197 930; x_wconf 93' lang='lat' dir='ltr'>commodum</span> <span class='ocrx_word' id='word_1_28' title='bbox 1224 870 1296 931; x_wconf 87' lang='lat' dir='ltr'>satis</span> 
     </span>
     <span class='ocr_line' id='line_1_5' title="bbox 276 958 1297 1036; baseline 0.002 -19"><span class='ocrx_word' id='word_1_29' title='bbox 276 958 320 1018; x_wconf 88' lang='lat' dir='ltr'>ire</span> <span class='ocrx_word' id='word_1_30' title='bbox 343 959 462 1019; x_wconf 89' lang='lat' dir='ltr'>obviam</span> <span class='ocrx_word' id='word_1_31' title='bbox 485 959 584 1019; x_wconf 90' lang='lat' dir='ltr'>dubiis</span> <span class='ocrx_word' id='word_1_32' title='bbox 607 962 763 1020; x_wconf 90' lang='lat' dir='ltr'>eteorum</span> <span class='ocrx_word' id='word_1_33' title='bbox 787 978 890 1019; x_wconf 88' lang='lat' dir='ltr'>cursus</span> <span class='ocrx_word' id='word_1_34' title='bbox 909 959 1028 1020; x_wconf 91' lang='lat' dir='ltr'>obiectu</span> <span class='ocrx_word' id='word_1_35' title='bbox 1045 960 1225 1036; x_wconf 84' lang='lat' dir='ltr'>provisionis</span> <span class='ocrx_word' id='word_1_36' title='bbox 1247 960 1297 1019; x_wconf 92' lang='lat' dir='ltr'>ab·</span> 
     </span>
     <span class='ocr_line' id='line_1_6' title="bbox 244 1048 1296 1126; baseline 0.004 -21"><span class='ocrx_word' id='word_1_37' title='bbox 244 1063 257 1104; x_wconf 84' lang='lat' dir='ltr'>s</span> <span class='ocrx_word' id='word_1_38' title='bbox 276 1068 422 1125; x_wconf 82' lang='lat' dir='ltr'>rumpere,</span> <span class='ocrx_word' id='word_1_39' title='bbox 440 1051 540 1108; x_wconf 81' lang='lat' dir='ltr'>toturn</span> <span class='ocrx_word' id='word_1_40' title='bbox 562 1051 661 1125; x_wconf 87' lang='lat' dir='ltr'>potest</span> <span class='ocrx_word' id='word_1_41' title='bbox 679 1048 870 1108; x_wconf 90' lang='lat' dir='ltr'>consiliorum</span> <span class='ocrx_word' id='word_1_42' title='bbox 888 1050 977 1123; x_wconf 84' lang='lat' dir='ltr'>ratio,</span> <span class='ocrx_word' id='word_1_43' title='bbox 995 1050 1020 1109; x_wconf 90' lang='lat' dir='ltr'>si</span> <span class='ocrx_word' id='word_1_44' title='bbox 1036 1049 1099 1108; x_wconf 90' lang='lat' dir='ltr'>suis</span> <span class='ocrx_word' id='word_1_45' title='bbox 1112 1049 1296 1126; x_wconf 73' lang='lat' dir='ltr'>temporibus</span> 
     </span>
     <span class='ocr_line' id='line_1_7' title="bbox 277 1137 1297 1216; baseline 0.001 -20"><span class='ocrx_word' id='word_1_46' title='bbox 277 1137 393 1215; x_wconf 91' lang='lat' dir='ltr'>agenda</span> <span class='ocrx_word' id='word_1_47' title='bbox 410 1138 582 1216; x_wconf 90' lang='lat' dir='ltr'>iungantur.</span> <span class='ocrx_word' id='word_1_48' title='bbox 614 1138 749 1216; x_wconf 83' lang='lat' dir='ltr'>proinde,</span> <span class='ocrx_word' id='word_1_49' title='bbox 766 1157 803 1197; x_wconf 96' lang='lat' dir='ltr'>ne</span> <span class='ocrx_word' id='word_1_50' title='bbox 821 1141 852 1197; x_wconf 92' lang='lat' dir='ltr'>te</span> <span class='ocrx_word' id='word_1_51' title='bbox 870 1138 1002 1198; x_wconf 67' lang='lat' dir='ltr'>fraterno</span> <span class='ocrx_word' id='word_1_52' title='bbox 1022 1138 1124 1197; x_wconf 92' lang='lat' dir='ltr'>dolore</span> <span class='ocrx_word' id='word_1_53' title='bbox 1142 1138 1297 1198; x_wconf 85' lang='lat' dir='ltr'>confusam</span> 
     </span>
     <span class='ocr_line' id='line_1_8' title="bbox 275 1227 1296 1305; baseline 0.002 -20"><span class='ocrx_word' id='word_1_54' title='bbox 275 1227 452 1303; x_wconf 87' lang='lat' dir='ltr'>providendi</span> <span class='ocrx_word' id='word_1_55' title='bbox 470 1229 629 1287; x_wconf 90' lang='lat' dir='ltr'>consilium</span> <span class='ocrx_word' id='word_1_56' title='bbox 643 1228 769 1303; x_wconf 83' lang='lat' dir='ltr'>deserat,</span> <span class='ocrx_word' id='word_1_57' title='bbox 788 1227 862 1305; x_wconf 93' lang='lat' dir='ltr'>quid</span> <span class='ocrx_word' id='word_1_58' title='bbox 876 1228 932 1286; x_wconf 87' lang='lat' dir='ltr'>tibi</span> <span class='ocrx_word' id='word_1_59' title='bbox 950 1227 1116 1286; x_wconf 89' lang='lat' dir='ltr'>curandum</span> <span class='ocrx_word' id='word_1_60' title='bbox 1134 1227 1174 1287; x_wconf 90' lang='lat' dir='ltr'>sit</span> <span class='ocrx_word' id='word_1_61' title='bbox 1192 1227 1296 1305; x_wconf 88' lang='lat' dir='ltr'>paucis</span> 
     </span>
     <span class='ocr_line' id='line_1_9' title="bbox 276 1316 1297 1393; baseline 0.001 -18"><span class='ocrx_word' id='word_1_62' title='bbox 276 1316 407 1376; x_wconf 88' lang='lat' dir='ltr'>adverte.</span> <span class='ocrx_word' id='word_1_63' title='bbox 453 1316 674 1376; x_wconf 86' lang='lat' dir='ltr'>subtrahendus</span> <span class='ocrx_word' id='word_1_64' title='bbox 706 1318 752 1376; x_wconf 89' lang='lat' dir='ltr'>est</span> <span class='ocrx_word' id='word_1_65' title='bbox 783 1335 877 1392; x_wconf 90' lang='lat' dir='ltr'>quam</span> <span class='ocrx_word' id='word_1_66' title='bbox 908 1318 1038 1393; x_wconf 92' lang='lat' dir='ltr'>primum</span> <span class='ocrx_word' id='word_1_67' title='bbox 1067 1317 1156 1376; x_wconf 91' lang='lat' dir='ltr'>morti</span> <span class='ocrx_word' id='word_1_68' title='bbox 1189 1318 1219 1375; x_wconf 89' lang='lat' dir='ltr'>et</span> <span class='ocrx_word' id='word_1_69' title='bbox 1248 1318 1297 1376; x_wconf 92' lang='lat' dir='ltr'>hic</span> 
     </span>
     <span class='ocr_line' id='line_1_10' title="bbox 276 1405 1297 1483; baseline 0 -20"><span class='ocrx_word' id='word_1_70' title='bbox 276 1406 372 1463; x_wconf 92' lang='lat' dir='ltr'>onmis</span> <span class='ocrx_word' id='word_1_71' title='bbox 400 1424 492 1481; x_wconf 91' lang='lat' dir='ltr'>opera</span> <span class='ocrx_word' id='word_1_72' title='bbox 519 1405 734 1481; x_wconf 89' lang='lat' dir='ltr'>consumenda,</span> <span class='ocrx_word' id='word_1_73' title='bbox 749 1407 798 1465; x_wconf 87' lang='lat' dir='ltr'>ut</span> <span class='ocrx_word' id='word_1_74' title='bbox 823 1407 973 1466; x_wconf 82' lang='lat' dir='ltr'>inminens</span> <span class='ocrx_word' id='word_1_75' title='bbox 1000 1408 1150 1465; x_wconf 78' lang='lat' dir='ltr'>certamen</span> <span class='ocrx_word' id='word_1_76' title='bbox 1173 1406 1297 1483; x_wconf 88' lang='lat' dir='ltr'>effugiat</span> 
     </span>
     <span class='ocr_line' id='line_1_11' title="bbox 230 1494 1296 1571; baseline 0.003 -21"><span class='ocrx_word' id='word_1_77' title='bbox 230 1511 257 1550; x_wconf 85' lang='lat' dir='ltr'>ro</span> <span class='ocrx_word' id='word_1_78' title='bbox 276 1497 345 1568; x_wconf 83' lang='lat' dir='ltr'>aut,</span> <span class='ocrx_word' id='word_1_79' title='bbox 364 1495 390 1553; x_wconf 91' lang='lat' dir='ltr'>si</span> <span class='ocrx_word' id='word_1_80' title='bbox 408 1494 491 1553; x_wconf 88' lang='lat' dir='ltr'>istud</span> <span class='ocrx_word' id='word_1_81' title='bbox 509 1496 593 1555; x_wconf 92' lang='lat' dir='ltr'>nulla</span> <span class='ocrx_word' id='word_1_82' title='bbox 611 1496 642 1555; x_wconf 88' lang='lat' dir='ltr'>vi</span> <span class='ocrx_word' id='word_1_83' title='bbox 660 1494 803 1571; x_wconf 88' lang='lat' dir='ltr'>explicari</span> <span class='ocrx_word' id='word_1_84' title='bbox 821 1495 971 1571; x_wconf 89' lang='lat' dir='ltr'>potuerit,</span> <span class='ocrx_word' id='word_1_85' title='bbox 989 1495 1129 1554; x_wconf 82' lang='lat' dir='ltr'>trudatur</span> <span class='ocrx_word' id='word_1_86' title='bbox 1141 1494 1296 1553; x_wconf 91' lang='lat' dir='ltr'>inimicum</span> 
     </span>
     <span class='ocr_line' id='line_1_12' title="bbox 275 1583 1295 1654; baseline 0.002 -14"><span class='ocrx_word' id='word_1_87' title='bbox 275 1583 382 1642; x_wconf 89' lang='lat' dir='ltr'>foedus</span> <span class='ocrx_word' id='word_1_88' title='bbox 404 1603 420 1641; x_wconf 92' lang='lat' dir='ltr'>e</span> <span class='ocrx_word' id='word_1_89' title='bbox 443 1583 540 1642; x_wconf 92' lang='lat' dir='ltr'>medio</span> <span class='ocrx_word' id='word_1_90' title='bbox 564 1586 594 1642; x_wconf 89' lang='lat' dir='ltr'>et</span> <span class='ocrx_word' id='word_1_91' title='bbox 617 1585 757 1644; x_wconf 87' lang='lat' dir='ltr'>confusae</span> <span class='ocrx_word' id='word_1_92' title='bbox 784 1587 861 1654; x_wconf 85' lang='lat' dir='ltr'>acies</span> <span class='ocrx_word' id='word_1_93' title='bbox 884 1584 958 1643; x_wconf 92' lang='lat' dir='ltr'>belli</span> <span class='ocrx_word' id='word_1_94' title='bbox 979 1584 1079 1643; x_wconf 89' lang='lat' dir='ltr'>furore</span> <span class='ocrx_word' id='word_1_95' title='bbox 1106 1584 1295 1643; x_wconf 76' lang='lat' dir='ltr'>misceantur.</span> 
     </span>
     <span class='ocr_line' id='line_1_13' title="bbox 276 1672 1296 1750; baseline 0 -19"><span class='ocrx_word' id='word_1_96' title='bbox 276 1673 395 1731; x_wconf 88' lang='lat' dir='ltr'>eveniat</span> <span class='ocrx_word' id='word_1_97' title='bbox 416 1673 544 1732; x_wconf 74' lang='lat' dir='ltr'>forsitan</span> <span class='ocrx_word' id='word_1_98' title='bbox 569 1674 683 1750; x_wconf 91' lang='lat' dir='ltr'>aliquid</span> <span class='ocrx_word' id='word_1_99' title='bbox 705 1672 790 1747; x_wconf 91' lang='lat' dir='ltr'>boni,</span> <span class='ocrx_word' id='word_1_100' title='bbox 817 1675 844 1733; x_wconf 96' lang='lat' dir='ltr'>si</span> <span class='ocrx_word' id='word_1_101' title='bbox 867 1673 904 1732; x_wconf 90' lang='lat' dir='ltr'>ab</span> <span class='ocrx_word' id='word_1_102' title='bbox 927 1673 1016 1733; x_wconf 90' lang='lat' dir='ltr'>unius</span> <span class='ocrx_word' id='word_1_103' title='bbox 1041 1674 1120 1732; x_wconf 86' lang='lat' dir='ltr'>malo</span> <span class='ocrx_word' id='word_1_104' title='bbox 1144 1672 1176 1731; x_wconf 93' lang='lat' dir='ltr'>in</span> <span class='ocrx_word' id='word_1_105' title='bbox 1199 1672 1296 1732; x_wconf 90' lang='lat' dir='ltr'>omnis</span> 
     </span>
     <span class='ocr_line' id='line_1_14' title="bbox 275 1760 1297 1841; baseline 0.001 -22"><span class='ocrx_word' id='word_1_106' title='bbox 275 1760 368 1820; x_wconf 87' lang='lat' dir='ltr'>fuerit</span> <span class='ocrx_word' id='word_1_107' title='bbox 390 1761 461 1820; x_wconf 89' lang='lat' dir='ltr'>belli</span> <span class='ocrx_word' id='word_1_108' title='bbox 483 1763 584 1822; x_wconf 83' lang='lat' dir='ltr'>refusa</span> <span class='ocrx_word' id='word_1_109' title='bbox 607 1763 784 1841; x_wconf 81' lang='lat' dir='ltr'>congressio.</span> <span class='ocrx_word' id='word_1_110' title='bbox 821 1763 892 1822; x_wconf 90' lang='lat' dir='ltr'>huic</span> <span class='ocrx_word' id='word_1_111' title='bbox 914 1783 952 1822; x_wconf 91' lang='lat' dir='ltr'>ne</span> <span class='ocrx_word' id='word_1_112' title='bbox 974 1761 1104 1822; x_wconf 86' lang='lat' dir='ltr'>faciendi</span> <span class='ocrx_word' id='word_1_113' title='bbox 1130 1761 1297 1821; x_wconf 89' lang='lat' dir='ltr'>diffidentia</span> 
     </span>
     <span class='ocr_line' id='line_1_15' title="bbox 275 1850 1296 1928; baseline -0.001 -18"><span class='ocrx_word' id='word_1_114' title='bbox 275 1853 455 1925; x_wconf 85' lang='lat' dir='ltr'>occmreret,</span> <span class='ocrx_word' id='word_1_115' title='bbox 485 1851 613 1911; x_wconf 89' lang='lat' dir='ltr'>subiecit</span> <span class='ocrx_word' id='word_1_116' title='bbox 640 1856 741 1911; x_wconf 69' lang='lat' dir='ltr'>cador</span> <span class='ocrx_word' id='word_1_117' title='bbox 768 1868 818 1926; x_wconf 72' lang='lat' dir='ltr'>ego</span> <span class='ocrx_word' id='word_1_118' title='bbox 845 1852 989 1911; x_wconf 74' lang='lat' dir='ltr'>audendi:</span> <span class='ocrx_word' id='word_1_119' title='bbox 1018 1850 1158 1926; x_wconf 83' lang='lat' dir='ltr'>audebis,</span> <span class='ocrx_word' id='word_1_120' title='bbox 1186 1851 1296 1928; x_wconf 91' lang='lat' dir='ltr'>inquit,</span> 
     </span>
     <span class='ocr_line' id='line_1_16' title="bbox 230 1940 1296 2018; baseline 0.002 -21"><span class='ocrx_word' id='word_1_121' title='bbox 230 1956 256 1996; x_wconf 77' lang='lat' dir='ltr'>rc</span> <span class='ocrx_word' id='word_1_122' title='bbox 276 1940 377 1998; x_wconf 86' lang='lat' dir='ltr'>omnia</span> <span class='ocrx_word' id='word_1_123' title='bbox 400 1940 472 1999; x_wconf 87' lang='lat' dir='ltr'>baec</span> <span class='ocrx_word' id='word_1_124' title='bbox 494 1960 542 1999; x_wconf 90' lang='lat' dir='ltr'>me</span> <span class='ocrx_word' id='word_1_125' title='bbox 566 1943 685 2001; x_wconf 87' lang='lat' dir='ltr'>auctore</span> <span class='ocrx_word' id='word_1_126' title='bbox 709 1945 739 2000; x_wconf 89' lang='lat' dir='ltr'>et</span> <span class='ocrx_word' id='word_1_127' title='bbox 761 1940 865 2000; x_wconf 86' lang='lat' dir='ltr'>favore</span> <span class='ocrx_word' id='word_1_128' title='bbox 887 1960 953 2000; x_wconf 92' lang='lat' dir='ltr'>meo</span> <span class='ocrx_word' id='word_1_129' title='bbox 977 1941 1138 2018; x_wconf 89' lang='lat' dir='ltr'>oonplebis.</span> <span class='ocrx_word' id='word_1_130' title='bbox 1183 1942 1227 1999; x_wconf 80' lang='lat' dir='ltr'>stc</span> <span class='ocrx_word' id='word_1_131' title='bbox 1249 1957 1296 1999; x_wconf 79' lang='lat' dir='ltr'>ca-</span> 
     </span>
     <span class='ocr_line' id='line_1_17' title="bbox 274 2030 1358 2101; baseline 0.001 -14"><span class='ocrx_word' id='word_1_132' title='bbox 274 2030 391 2088; x_wconf 81' lang='lat' dir='ltr'>borteto</span> <span class='ocrx_word' id='word_1_133' title='bbox 412 2030 529 2101; x_wconf 79' lang='lat' dir='ltr'>reliquit</span> <span class='ocrx_word' id='word_1_134' title='bbox 549 2031 691 2089; x_wconf 77' lang='lat' dir='ltr'>incertam</span> <span class='ocrx_word' id='word_1_135' title='bbox 713 2034 739 2089; x_wconf 83' lang='lat' dir='ltr'>et</span> <span class='ocrx_word' id='word_1_136' title='bbox 761 2031 839 2089; x_wconf 77' lang='lat' dir='ltr'>tristi</span> <span class='ocrx_word' id='word_1_137' title='bbox 862 2031 1011 2090; x_wconf 71' lang='lat' dir='ltr'>trebetam</span> <span class='ocrx_word' id='word_1_138' title='bbox 1036 2031 1157 2089; x_wconf 73' lang='lat' dir='ltr'>oetam</span> <span class='ocrx_word' id='word_1_139' title='bbox 1178 2031 1297 2089; x_wconf 63' lang='lat' dir='ltr'>mentm:</span> <span class='ocrx_word' id='word_1_140' title='bbox 1307 2038 1358 2089; x_wconf 77' lang='lat'>160</span> 
     </span>
     <span class='ocr_line' id='line_1_18' title="bbox 274 2117 1296 2196; baseline 0.002 -20"><span class='ocrx_word' id='word_1_141' title='bbox 274 2117 350 2178; x_wconf 91' lang='lat' dir='ltr'>Iuno</span> <span class='ocrx_word' id='word_1_142' title='bbox 375 2117 496 2196; x_wconf 92' lang='lat' dir='ltr'>quidem</span> <span class='ocrx_word' id='word_1_143' title='bbox 519 2119 675 2178; x_wconf 82' lang='lat' dir='ltr'>exhortata</span> <span class='ocrx_word' id='word_1_144' title='bbox 697 2121 743 2178; x_wconf 91' lang='lat' dir='ltr'>est</span> <span class='ocrx_word' id='word_1_145' title='bbox 761 2119 919 2178; x_wconf 85' lang='lat' dir='ltr'>Iuturnam</span> <span class='ocrx_word' id='word_1_146' title='bbox 941 2122 972 2177; x_wconf 94' lang='lat' dir='ltr'>et</span> <span class='ocrx_word' id='word_1_147' title='bbox 990 2120 1078 2195; x_wconf 83' lang='lat' dir='ltr'>abiit,</span> <span class='ocrx_word' id='word_1_148' title='bbox 1102 2118 1154 2180; x_wconf 90' lang='lat' dir='ltr'>sed</span> <span class='ocrx_word' id='word_1_149' title='bbox 1176 2119 1232 2178; x_wconf 88' lang='lat' dir='ltr'>illa</span> <span class='ocrx_word' id='word_1_150' title='bbox 1254 2118 1296 2179; x_wconf 91' lang='lat' dir='ltr'>sic</span> 
     </span>
     <span class='ocr_line' id='line_1_19' title="bbox 274 2208 1298 2286; baseline 0 -18"><span class='ocrx_word' id='word_1_151' title='bbox 274 2208 481 2268; x_wconf 80' lang='lat' dir='ltr'>vulneratione</span> <span class='ocrx_word' id='word_1_152' title='bbox 494 2210 603 2268; x_wconf 92' lang='lat' dir='ltr'>mentis</span> <span class='ocrx_word' id='word_1_153' title='bbox 617 2209 769 2284; x_wconf 84' lang='lat' dir='ltr'>habuerat,</span> <span class='ocrx_word' id='word_1_154' title='bbox 788 2211 824 2268; x_wconf 92' lang='lat' dir='ltr'>nt</span> <span class='ocrx_word' id='word_1_155' title='bbox 840 2209 952 2286; x_wconf 83' lang='lat' dir='ltr'>integri</span> <span class='ocrx_word' id='word_1_156' title='bbox 965 2209 1083 2270; x_wconf 90' lang='lat' dir='ltr'>consilii</span> <span class='ocrx_word' id='word_1_157' title='bbox 1097 2209 1298 2269; x_wconf 82' lang='lat' dir='ltr'>substantiam</span> 
     </span>
     <span class='ocr_line' id='line_1_20' title="bbox 274 2297 1297 2374; baseline 0.001 -18"><span class='ocrx_word' id='word_1_158' title='bbox 274 2297 462 2374; x_wconf 90' lang='lat' dir='ltr'>perdidisset.</span> <span class='ocrx_word' id='word_1_159' title='bbox 493 2297 639 2357; x_wconf 78' lang='lat' dir='ltr'>incertam</span> <span class='ocrx_word' id='word_1_160' title='bbox 655 2297 731 2356; x_wconf 85' lang='lat' dir='ltr'>dixit</span> <span class='ocrx_word' id='word_1_161' title='bbox 748 2298 886 2357; x_wconf 85' lang='lat' dir='ltr'>relictam</span> <span class='ocrx_word' id='word_1_162' title='bbox 899 2316 962 2358; x_wconf 90' lang='lat' dir='ltr'>esse</span> <span class='ocrx_word' id='word_1_163' title='bbox 976 2298 1149 2374; x_wconf 75' lang='lat' dir='ltr'>Iuturnam,</span> <span class='ocrx_word' id='word_1_164' title='bbox 1166 2301 1202 2358; x_wconf 94' lang='lat' dir='ltr'>ut</span> <span class='ocrx_word' id='word_1_165' title='bbox 1219 2302 1297 2359; x_wconf 88' lang='lat' dir='ltr'>esset</span> 
     </span>
     <span class='ocr_line' id='line_1_21' title="bbox 228 2386 1296 2464; baseline -0.002 -16"><span class='ocrx_word' id='word_1_166' title='bbox 228 2408 256 2448; x_wconf 83' lang='lat' dir='ltr'>so</span> <span class='ocrx_word' id='word_1_167' title='bbox 275 2386 357 2464; x_wconf 91' lang='lat' dir='ltr'>quod</span> <span class='ocrx_word' id='word_1_168' title='bbox 376 2389 509 2463; x_wconf 89' lang='lat' dir='ltr'>speraret</span> <span class='ocrx_word' id='word_1_169' title='bbox 527 2389 558 2447; x_wconf 89' lang='lat' dir='ltr'>et</span> <span class='ocrx_word' id='word_1_170' title='bbox 575 2387 656 2463; x_wconf 90' lang='lat' dir='ltr'>quod</span> <span class='ocrx_word' id='word_1_171' title='bbox 674 2390 823 2447; x_wconf 90' lang='lat' dir='ltr'>metueret</span> <span class='ocrx_word' id='word_1_172' title='bbox 839 2406 900 2446; x_wconf 94' lang='lat' dir='ltr'>non</span> <span class='ocrx_word' id='word_1_173' title='bbox 923 2388 1050 2462; x_wconf 89' lang='lat' dir='ltr'>deesset,</span> <span class='ocrx_word' id='word_1_174' title='bbox 1073 2408 1110 2447; x_wconf 97' lang='lat' dir='ltr'>ne</span> <span class='ocrx_word' id='word_1_175' title='bbox 1134 2388 1169 2447; x_wconf 91' lang='lat' dir='ltr'>de</span> <span class='ocrx_word' id='word_1_176' title='bbox 1189 2388 1296 2448; x_wconf 85' lang='lat' dir='ltr'>securi·</span> 
     </span>
     <span class='ocr_line' id='line_1_22' title="bbox 274 2476 1177 2554; baseline -0.001 -18"><span class='ocrx_word' id='word_1_177' title='bbox 274 2478 339 2536; x_wconf 88' lang='lat' dir='ltr'>tate</span> <span class='ocrx_word' id='word_1_178' title='bbox 361 2476 446 2535; x_wconf 91' lang='lat' dir='ltr'>fieret</span> <span class='ocrx_word' id='word_1_179' title='bbox 467 2477 629 2554; x_wconf 83' lang='lat' dir='ltr'>neglegens</span> <span class='ocrx_word' id='word_1_180' title='bbox 652 2478 706 2535; x_wconf 91' lang='lat' dir='ltr'>aut</span> <span class='ocrx_word' id='word_1_181' title='bbox 728 2476 765 2536; x_wconf 93' lang='lat' dir='ltr'>de</span> <span class='ocrx_word' id='word_1_182' title='bbox 788 2476 995 2553; x_wconf 88' lang='lat' dir='ltr'>desperatione</span> <span class='ocrx_word' id='word_1_183' title='bbox 1018 2476 1177 2536; x_wconf 87' lang='lat' dir='ltr'>remissior.</span> 
     </span>
     <span class='ocr_line' id='line_1_23' title="bbox 346 2565 1295 2644; baseline 0.002 -21"><span class='ocrx_word' id='word_1_184' title='bbox 346 2565 466 2624; x_wconf 80' lang='lat' dir='ltr'>Interea</span> <span class='ocrx_word' id='word_1_185' title='bbox 479 2582 574 2640; x_wconf 74' lang='lat' dir='ltr'>repes:</span> <span class='ocrx_word' id='word_1_186' title='bbox 587 2566 636 2624; x_wconf 90' lang='lat' dir='ltr'>hic</span> <span class='ocrx_word' id='word_1_187' title='bbox 650 2565 896 2644; x_wconf 90' lang='lat' dir='ltr'>distinguendum</span> <span class='ocrx_word' id='word_1_188' title='bbox 909 2568 1010 2640; x_wconf 77' lang='lat' dir='ltr'>estne</span> <span class='ocrx_word' id='word_1_189' title='bbox 1024 2566 1078 2625; x_wconf 85' lang='lat' dir='ltr'>fiat</span> <span class='ocrx_word' id='word_1_190' title='bbox 1091 2585 1144 2642; x_wconf 86' lang='lat' dir='ltr'>per</span> <span class='ocrx_word' id='word_1_191' title='bbox 1157 2584 1295 2625; x_wconf 89' lang='lat' dir='ltr'>numeros</span> 
     </span>
     <span class='ocr_line' id='line_1_24' title="bbox 274 2654 1296 2731; baseline -0.002 -17"><span class='ocrx_word' id='word_1_192' title='bbox 274 2654 398 2729; x_wconf 80' lang='lat' dir='ltr'>vitium3</span> <span class='ocrx_word' id='word_1_193' title='bbox 428 2654 463 2712; x_wconf 92' lang='lat' dir='ltr'>de</span> <span class='ocrx_word' id='word_1_194' title='bbox 488 2655 624 2714; x_wconf 89' lang='lat' dir='ltr'>omnibus</span> <span class='ocrx_word' id='word_1_195' title='bbox 648 2656 727 2714; x_wconf 88' lang='lat' dir='ltr'>enim</span> <span class='ocrx_word' id='word_1_196' title='bbox 750 2654 866 2713; x_wconf 87' lang='lat' dir='ltr'>dictum</span> <span class='ocrx_word' id='word_1_197' title='bbox 890 2656 936 2713; x_wconf 89' lang='lat' dir='ltr'>est</span> <span class='ocrx_word' id='word_1_198' title='bbox 959 2655 1012 2731; x_wconf 90' lang='lat' dir='ltr'>qui</span> <span class='ocrx_word' id='word_1_199' title='bbox 1033 2654 1235 2731; x_wconf 80' lang='lat' dir='ltr'>procedebant</span> <span class='ocrx_word' id='word_1_200' title='bbox 1257 2654 1296 2712; x_wconf 89' lang='lat' dir='ltr'>ad</span> 
     </span>
     <span class='ocr_line' id='line_1_25' title="bbox 276 2742 1295 2821; baseline -0.001 -19"><span class='ocrx_word' id='word_1_201' title='bbox 276 2744 531 2803; x_wconf 83' lang='lat' dir='ltr'>confirmationem</span> <span class='ocrx_word' id='word_1_202' title='bbox 553 2744 694 2818; x_wconf 87' lang='lat' dir='ltr'>foederis,</span> <span class='ocrx_word' id='word_1_203' title='bbox 719 2742 919 2820; x_wconf 88' lang='lat' dir='ltr'>separandum</span> <span class='ocrx_word' id='word_1_204' title='bbox 942 2762 1012 2803; x_wconf 88' lang='lat' dir='ltr'>vero</span> <span class='ocrx_word' id='word_1_205' title='bbox 1035 2743 1088 2802; x_wconf 95' lang='lat' dir='ltr'>ubi</span> <span class='ocrx_word' id='word_1_206' title='bbox 1111 2743 1223 2821; x_wconf 90' lang='lat' dir='ltr'>singuli</span> <span class='ocrx_word' id='word_1_207' title='bbox 1246 2744 1295 2802; x_wconf 88' lang='lat' dir='ltr'>de·</span> 
     </span>
     <span class='ocr_line' id='line_1_26' title="bbox 228 2832 1296 2907; baseline -0.002 -15"><span class='ocrx_word' id='word_1_208' title='bbox 228 2832 454 2892; x_wconf 80' lang='lat' dir='ltr'>asscribuntur.</span> <span class='ocrx_word' id='word_1_209' title='bbox 485 2834 595 2907; x_wconf 72' lang='lat' dir='ltr'>ingenti</span> <span class='ocrx_word' id='word_1_210' title='bbox 616 2834 690 2892; x_wconf 84' lang='lat' dir='ltr'>mole</span> <span class='ocrx_word' id='word_1_211' title='bbox 708 2832 839 2892; x_wconf 78' lang='lat' dir='ltr'>Latinus</span> <span class='ocrx_word' id='word_1_212' title='bbox 861 2833 1036 2907; x_wconf 71' lang='lat' dir='ltr'>quadriiugo</span> <span class='ocrx_word' id='word_1_213' title='bbox 1056 2833 1170 2892; x_wconf 80' lang='lat' dir='ltr'>oebitor</span> <span class='ocrx_word' id='word_1_214' title='bbox 1192 2850 1296 2891; x_wconf 69' lang='lat' dir='ltr'>mora:</span> 
     </span>
     <span class='ocr_line' id='line_1_27' title="bbox 275 2920 1296 3000; baseline -0.001 -20"><span class='ocrx_word' id='word_1_215' title='bbox 275 2940 335 2980; x_wconf 92' lang='lat' dir='ltr'>non</span> <span class='ocrx_word' id='word_1_216' title='bbox 354 2941 413 2998; x_wconf 91' lang='lat' dir='ltr'>quo</span> <span class='ocrx_word' id='word_1_217' title='bbox 433 2925 577 2998; x_wconf 89' lang='lat' dir='ltr'>quattuor</span> <span class='ocrx_word' id='word_1_218' title='bbox 594 2923 668 3000; x_wconf 92' lang='lat' dir='ltr'>iuga</span> <span class='ocrx_word' id='word_1_219' title='bbox 684 2920 822 2997; x_wconf 84' lang='lat' dir='ltr'>haberet,</span> <span class='ocrx_word' id='word_1_220' title='bbox 842 2922 917 2981; x_wconf 90' lang='lat' dir='ltr'>dixit</span> <span class='ocrx_word' id='word_1_221' title='bbox 936 2921 1130 2999; x_wconf 89' lang='lat' dir='ltr'>quadriiugo,</span> <span class='ocrx_word' id='word_1_222' title='bbox 1148 2921 1200 2980; x_wconf 92' lang='lat' dir='ltr'>sed</span> <span class='ocrx_word' id='word_1_223' title='bbox 1215 2921 1296 2997; x_wconf 90' lang='lat' dir='ltr'>quod</span> 
     </span>
     <span class='ocr_line' id='line_1_28' title="bbox 275 3010 1297 3086; baseline 0.001 -18"><span class='ocrx_word' id='word_1_224' title='bbox 275 3013 420 3086; x_wconf 87' lang='lat' dir='ltr'>quattuor</span> <span class='ocrx_word' id='word_1_225' title='bbox 440 3010 550 3070; x_wconf 88' lang='lat' dir='ltr'>iunctis</span> <span class='ocrx_word' id='word_1_226' title='bbox 573 3010 753 3071; x_wconf 90' lang='lat' dir='ltr'>animalibus</span> <span class='ocrx_word' id='word_1_227' title='bbox 775 3011 942 3071; x_wconf 86' lang='lat' dir='ltr'>duceretur.</span> <span class='ocrx_word' id='word_1_228' title='bbox 974 3013 1022 3070; x_wconf 80' lang='lat' dir='ltr'>cci</span> <span class='ocrx_word' id='word_1_229' title='bbox 1040 3012 1297 3084; x_wconf 64' lang='lat' dir='ltr'>temporaneam</span> 
     </span>
     <span class='ocr_line' id='line_1_29' title="bbox 275 3099 1296 3175; baseline 0.002 -18"><span class='ocrx_word' id='word_1_230' title='bbox 275 3101 376 3158; x_wconf 75' lang='lat' dir='ltr'>auroli</span> <span class='ocrx_word' id='word_1_231' title='bbox 399 3101 443 3158; x_wconf 81' lang='lat' dir='ltr'>bis</span> <span class='ocrx_word' id='word_1_232' title='bbox 465 3117 516 3158; x_wconf 76' lang='lat' dir='ltr'>sec</span> <span class='ocrx_word' id='word_1_233' title='bbox 537 3101 618 3159; x_wconf 81' lang='lat' dir='ltr'>rodii</span> <span class='ocrx_word' id='word_1_234' title='bbox 639 3100 784 3175; x_wconf 71' lang='lat' dir='ltr'>fulgentio</span> <span class='ocrx_word' id='word_1_235' title='bbox 807 3102 938 3174; x_wconf 68' lang='lat' dir='ltr'>megum,</span> <span class='ocrx_word' id='word_1_236' title='bbox 965 3099 1043 3160; x_wconf 80' lang='lat' dir='ltr'>Solis</span> <span class='ocrx_word' id='word_1_237' title='bbox 1066 3101 1117 3159; x_wconf 83' lang='lat' dir='ltr'>eoi</span> <span class='ocrx_word' id='word_1_238' title='bbox 1138 3102 1296 3173; x_wconf 78' lang='lat' dir='ltr'>specimen:</span> 
     </span>
     <span class='ocr_line' id='line_1_30' title="bbox 275 3187 1296 3267; baseline 0.002 -21"><span class='ocrx_word' id='word_1_239' title='bbox 275 3189 372 3265; x_wconf 89' lang='lat' dir='ltr'>primo</span> <span class='ocrx_word' id='word_1_240' title='bbox 395 3189 461 3248; x_wconf 89' lang='lat' dir='ltr'>loco</span> <span class='ocrx_word' id='word_1_241' title='bbox 480 3187 606 3248; x_wconf 88' lang='lat' dir='ltr'>Latinus</span> <span class='ocrx_word' id='word_1_242' title='bbox 625 3189 770 3265; x_wconf 88' lang='lat' dir='ltr'>processit</span> <span class='ocrx_word' id='word_1_243' title='bbox 789 3188 970 3267; x_wconf 83' lang='lat' dir='ltr'>quadriiugo</span> <span class='ocrx_word' id='word_1_244' title='bbox 989 3209 1092 3264; x_wconf 90' lang='lat' dir='ltr'>curru,</span> <span class='ocrx_word' id='word_1_245' title='bbox 1114 3190 1203 3249; x_wconf 89' lang='lat' dir='ltr'>huius</span> <span class='ocrx_word' id='word_1_246' title='bbox 1221 3192 1296 3248; x_wconf 92' lang='lat' dir='ltr'>tem·</span> 
     </span>
     <span class='ocr_line' id='line_1_31' title="bbox 228 3277 1295 3356; baseline 0 -18"><span class='ocrx_word' id='word_1_247' title='bbox 228 3297 256 3338; x_wconf 85' lang='lat' dir='ltr'>eo</span> <span class='ocrx_word' id='word_1_248' title='bbox 275 3295 350 3353; x_wconf 89' lang='lat' dir='ltr'>pora</span> <span class='ocrx_word' id='word_1_249' title='bbox 364 3277 514 3354; x_wconf 89' lang='lat' dir='ltr'>fulgentia</span> <span class='ocrx_word' id='word_1_250' title='bbox 532 3277 672 3356; x_wconf 89' lang='lat' dir='ltr'>cingebat</span> <span class='ocrx_word' id='word_1_251' title='bbox 689 3297 799 3338; x_wconf 90' lang='lat' dir='ltr'>corona</span> <span class='ocrx_word' id='word_1_252' title='bbox 817 3298 884 3338; x_wconf 91' lang='lat' dir='ltr'>cum</span> <span class='ocrx_word' id='word_1_253' title='bbox 899 3278 1055 3338; x_wconf 90' lang='lat' dir='ltr'>duodecim</span> <span class='ocrx_word' id='word_1_254' title='bbox 1070 3278 1163 3338; x_wconf 85' lang='lat' dir='ltr'>radiis</span> <span class='ocrx_word' id='word_1_255' title='bbox 1182 3278 1295 3338; x_wconf 89' lang='lat' dir='ltr'>auratis</span> 
     </span>
     <span class='ocr_line' id='line_1_32' title="bbox 274 3366 1286 3444; baseline 0 -18"><span class='ocrx_word' id='word_1_256' title='bbox 274 3368 361 3426; x_wconf 91' lang='lat' dir='ltr'>tanto</span> <span class='ocrx_word' id='word_1_257' title='bbox 379 3367 494 3425; x_wconf 88' lang='lat' dir='ltr'>micans</span> <span class='ocrx_word' id='word_1_258' title='bbox 511 3366 643 3444; x_wconf 81' lang='lat' dir='ltr'>fulgore,</span> <span class='ocrx_word' id='word_1_259' title='bbox 660 3370 696 3425; x_wconf 94' lang='lat' dir='ltr'>ut</span> <span class='ocrx_word' id='word_1_260' title='bbox 713 3387 773 3427; x_wconf 92' lang='lat' dir='ltr'>non</span> <span class='ocrx_word' id='word_1_261' title='bbox 788 3368 867 3444; x_wconf 89' lang='lat' dir='ltr'>ipse,</span> <span class='ocrx_word' id='word_1_262' title='bbox 886 3367 938 3426; x_wconf 93' lang='lat' dir='ltr'>sed</span> <span class='ocrx_word' id='word_1_263' title='bbox 953 3366 1005 3428; x_wconf 82' lang='lat' dir='ltr'>Sol</span> <span class='ocrx_word' id='word_1_264' title='bbox 1022 3368 1174 3428; x_wconf 82' lang='lat' dir='ltr'>videretur</span> <span class='ocrx_word' id='word_1_265' title='bbox 1192 3369 1286 3427; x_wconf 83' lang='lat' dir='ltr'>exisse</span> 
     </span>
     <span class='ocr_line' id='line_1_33' title="bbox 275 3455 1357 3531; baseline -0.002 -15"><span class='ocrx_word' id='word_1_266' title='bbox 275 3457 350 3530; x_wconf 66' lang='lat' dir='ltr'>ciple</span> <span class='ocrx_word' id='word_1_267' title='bbox 372 3457 396 3514; x_wconf 72' lang='lat' dir='ltr'>a</span> <span class='ocrx_word' id='word_1_268' title='bbox 418 3455 595 3514; x_wconf 66' lang='lat' dir='ltr'>Tarnasici</span> <span class='ocrx_word' id='word_1_269' title='bbox 618 3457 694 3515; x_wconf 82' lang='lat' dir='ltr'>olbis</span> <span class='ocrx_word' id='word_1_270' title='bbox 717 3458 788 3516; x_wconf 77' lang='lat' dir='ltr'>bino</span> <span class='ocrx_word' id='word_1_271' title='bbox 814 3475 908 3516; x_wconf 77' lang='lat' dir='ltr'>maore</span> <span class='ocrx_word' id='word_1_272' title='bbox 933 3457 990 3516; x_wconf 84' lang='lat' dir='ltr'>loto</span> <span class='ocrx_word' id='word_1_273' title='bbox 1018 3459 1154 3531; x_wconf 78' lang='lat' dir='ltr'>crispans</span> <span class='ocrx_word' id='word_1_274' title='bbox 1176 3457 1296 3516; x_wconf 75' lang='lat' dir='ltr'>bastdia</span> <span class='ocrx_word' id='word_1_275' title='bbox 1306 3466 1357 3515; x_wconf 73' lang='lat'>16⁶</span> 
     </span>
     <span class='ocr_line' id='line_1_34' title="bbox 236 3544 1294 3623; baseline 0.007 -24"><span class='ocrx_word' id='word_1_276' title='bbox 236 3596 237 3599; x_wconf 74' lang='grc'>,</span> <span class='ocrx_word' id='word_1_277' title='bbox 273 3547 369 3619; x_wconf 75' lang='lat' dir='ltr'>ferro:</span> <span class='ocrx_word' id='word_1_278' title='bbox 399 3545 451 3622; x_wconf 93' lang='lat' dir='ltr'>qui</span> <span class='ocrx_word' id='word_1_279' title='bbox 474 3544 513 3604; x_wconf 94' lang='lat' dir='ltr'>ad</span> <span class='ocrx_word' id='word_1_280' title='bbox 535 3546 685 3604; x_wconf 88' lang='lat' dir='ltr'>certamen</span> <span class='ocrx_word' id='word_1_281' title='bbox 708 3547 827 3606; x_wconf 89' lang='lat' dir='ltr'>exiebat</span> <span class='ocrx_word' id='word_1_282' title='bbox 849 3546 1015 3622; x_wconf 86' lang='lat' dir='ltr'>expeditior</span> <span class='ocrx_word' id='word_1_283' title='bbox 1036 3546 1193 3623; x_wconf 87' lang='lat' dir='ltr'>processit,</span> <span class='ocrx_word' id='word_1_284' title='bbox 1221 3545 1294 3606; x_wconf 92' lang='lat' dir='ltr'>duos</span> 
     </span>
    </p>
   </div>
   <div class='ocr_carea' id='block_1_3' title="bbox 347 3695 1293 3766">
    <p class='ocr_par' dir='ltr' id='par_1_3' title="bbox 347 3695 1293 3766">
     <span class='ocr_line' id='line_1_35' title="bbox 347 3695 1293 3766; baseline 0 -14"><span class='ocrx_word' id='word_1_285' title='bbox 347 3695 596 3752; x_wconf 76' lang='lat' dir='ltr'>osaieVe&#39;osue&#39;s</span> <span class='ocrx_word' id='word_1_286' title='bbox 611 3697 654 3750; x_wconf 92' lang='lat' dir='ltr'>ed.</span> <span class='ocrx_word' id='word_1_287' title='bbox 711 3702 744 3751; x_wconf 94' lang='lat'>10</span> <span class='ocrx_word' id='word_1_288' title='bbox 763 3697 957 3766; x_wconf 78' lang='lat' dir='ltr'>explicareed.</span> <span class='ocrx_word' id='word_1_289' title='bbox 1013 3703 1047 3751; x_wconf 89' lang='lat'>14</span> <span class='ocrx_word' id='word_1_290' title='bbox 1066 3704 1236 3753; x_wconf 75' lang='lat' dir='ltr'>concurreret</span> <span class='ocrx_word' id='word_1_291' title='bbox 1250 3697 1293 3752; x_wconf 90' lang='lat' dir='ltr'>ed.</span> 
     </span>
    </p>
   </div>
   <div class='ocr_carea' id='block_1_4' title="bbox 275 3768 1313 3912">
    <p class='ocr_par' dir='ltr' id='par_1_4' title="bbox 275 3768 1313 3912">
     <span class='ocr_line' id='line_1_36' title="bbox 276 3768 1296 3840; baseline -0.003 -17"><span class='ocrx_word' id='word_1_292' title='bbox 276 3774 310 3823; x_wconf 90' lang='lat'>18</span> <span class='ocrx_word' id='word_1_293' title='bbox 332 3769 549 3824; x_wconf 72' lang='lat' dir='ltr'>accurationem</span> <span class='ocrx_word' id='word_1_294' title='bbox 572 3768 642 3823; x_wconf 77' lang='lat' dir='ltr'>eds.</span> <span class='ocrx_word' id='word_1_295' title='bbox 679 3768 681 3840; x_wconf 75' lang='lat' dir='ltr'>l</span> <span class='ocrx_word' id='word_1_296' title='bbox 715 3768 889 3824; x_wconf 75' lang='lat' dir='ltr'>tabrmatV</span> <span class='ocrx_word' id='word_1_297' title='bbox 909 3769 952 3824; x_wconf 90' lang='lat' dir='ltr'>ed.</span> <span class='ocrx_word' id='word_1_298' title='bbox 976 3770 1106 3825; x_wconf 75' lang='lat' dir='ltr'>debuerat</span> <span class='ocrx_word' id='word_1_299' title='bbox 1122 3785 1173 3822; x_wconf 85' lang='lat' dir='ltr'>noe</span> <span class='ocrx_word' id='word_1_300' title='bbox 1192 3769 1227 3822; x_wconf 84' lang='lat' dir='ltr'>cf.</span> <span class='ocrx_word' id='word_1_301' title='bbox 1243 3773 1296 3820; x_wconf 71' lang='lat' dir='ltr'>sos</span> 
     </span>
     <span class='ocr_line' id='line_1_37' title="bbox 275 3835 1313 3912; baseline -0.007 -16"><span class='ocrx_word' id='word_1_302' title='bbox 275 3843 305 3896; x_wconf 87' lang='lat' dir='ltr'>et</span> <span class='ocrx_word' id='word_1_303' title='bbox 330 3844 391 3894; x_wconf 80' lang='lat'>908.</span> <span class='ocrx_word' id='word_1_304' title='bbox 477 3844 511 3893; x_wconf 77' lang='lat'>29</span> <span class='ocrx_word' id='word_1_305' title='bbox 538 3840 622 3895; x_wconf 76' lang='lat' dir='ltr'>buius</span> <span class='ocrx_word' id='word_1_306' title='bbox 649 3857 702 3894; x_wconf 88' lang='lat' dir='ltr'>om.</span> <span class='ocrx_word' id='word_1_307' title='bbox 727 3839 771 3895; x_wconf 85' lang='lat' dir='ltr'>ed.</span> <span class='ocrx_word' id='word_1_308' title='bbox 858 3845 895 3896; x_wconf 76' lang='lat' dir='ltr'>bl</span> <span class='ocrx_word' id='word_1_309' title='bbox 922 3842 1052 3912; x_wconf 73' lang='lat' dir='ltr'>migroms</span> <span class='ocrx_word' id='word_1_310' title='bbox 1067 3839 1094 3893; x_wconf 58' lang='grc' dir='ltr'><strong><em>Ἴ</em></strong></span> <span class='ocrx_word' id='word_1_311' title='bbox 1128 3840 1243 3891; x_wconf 69' lang='lat' dir='ltr'>miserae</span> <span class='ocrx_word' id='word_1_312' title='bbox 1267 3835 1313 3883; x_wconf 53' lang='grc' dir='ltr'>ὠ</span> 
     </span>
    </p>
   </div>
   <div class='ocr_carea' id='block_1_5' title="bbox 273 3909 663 3981">
    <p class='ocr_par' dir='ltr' id='par_1_5' title="bbox 273 3909 663 3981">
     <span class='ocr_line' id='line_1_38' title="bbox 273 3909 663 3981; baseline 0.008 -16"><span class='ocrx_word' id='word_1_313' title='bbox 273 3916 309 3965; x_wconf 83' lang='lat' dir='ltr'>sa</span> <span class='ocrx_word' id='word_1_314' title='bbox 326 3911 433 3966; x_wconf 62' lang='lat' dir='ltr'>eccon</span> <span class='ocrx_word' id='word_1_315' title='bbox 447 3909 473 3965; x_wconf 81' lang='lat' dir='ltr'><strong><em>V</em></strong></span> <span class='ocrx_word' id='word_1_316' title='bbox 488 3909 522 3966; x_wconf 77' lang='lat' dir='ltr'>ef.</span> <span class='ocrx_word' id='word_1_317' title='bbox 543 3916 587 3981; x_wconf 84' lang='lat' dir='ltr'>rc,</span> <span class='ocrx_word' id='word_1_318' title='bbox 602 3917 663 3968; x_wconf 80' lang='lat' dir='ltr'>aee.</span> 
     </span>
    </p>
   </div>
   <div class='ocr_carea' id='block_1_6' title="bbox 0 0 1576 4375">
    <p class='ocr_par' dir='ltr' id='par_1_6' title="bbox 0 0 1576 4375">
     <span class='ocr_line' id='line_1_39' title="bbox 0 0 1576 4375; baseline 0 0"><span class='ocrx_word' id='word_1_319' title='bbox 0 0 1576 4375; x_wconf 95' lang='lat' dir='ltr'> </span> 
     </span>
    </p>
   </div>
  </div>
 </body>
</html>
