3142 4375
518 1458 751 1525 AENEIDOS
774 1458 910 1524 LIBER
926 1458 1001 1525 VII.

322 1643 396 1704 Post
429 1644 595 1704 confectum
630 1644 668 1703 ab
702 1644 807 1703 inferis
841 1643 971 1703 reditum
1005 1643 1146 1703 describit
1181 1647 1272 1720 poeta

250 1733 373 1793 Aenean
402 1732 521 1793 Caietae
552 1736 674 1811 portum
705 1736 787 1793 recto
820 1733 927 1793 itinere
953 1732 1096 1809 petivisse
1125 1735 1169 1807 et,
1199 1733 1272 1808 quia

250 1825 366 1883 occasio
388 1823 460 1897 fuit,
482 1824 622 1882 meritum
644 1823 741 1899 ipsius
763 1821 884 1882 (laietae
907 1822 1097 1882 commendat
1117 1821 1150 1880 in
1173 1822 1271 1897 sepul-

250 1913 315 1971 chri
344 1912 615 1987 honorificentiam,
651 1913 708 1971 hoc
740 1912 820 1971 enim
851 1912 950 1970 solum
982 1910 1115 1971 exhiberi
1144 1912 1271 1970 mortuis

220 2000 343 2061 elicuit.
390 2001 502 2061 sufficit
523 2003 648 2078 propter
669 2001 832 2060 transitum
853 2000 964 2059 inferni
985 2000 1131 2077 fluminis3
1154 2001 1273 2061 viderat

250 2092 360 2168 quippe
387 2091 450 2166 ipse
478 2110 570 2167 quam
594 2090 710 2149 cladem
732 2091 795 2150 illic
816 2090 962 2167 insepulti
984 2089 1149 2166 patiantur.
1194 2091 1272 2149 hanc

248 2180 341 2240 refert
369 2182 459 2257 poete
485 2178 605 2239 Aeneae
633 2179 727 2239 fuisse
754 2180 916 2254 nutricem,
943 2179 1028 2238 errius
1055 2179 1091 2239 de
1115 2180 1272 2256 sepultura

250 2289 316 2328 oum
340 2271 485 2346 loquitur,
513 2273 543 2328 et
569 2268 692 2328 Aenean
715 2271 814 2346 ipsum
837 2268 968 2346 praefert
990 2272 1022 2327 et
1042 2271 1147 2328 tantae
1169 2268 1271 2347 benig·

250 2360 355 2418 nitatis
378 2359 521 2417 feminam
539 2358 655 2417 laudat.
691 2361 828 2418 mortuae
847 2359 958 2435 quippe
976 2358 1153 2416 beneficium
1171 2358 1273 2418 stabat

207 2462 232 2501 ro
251 2448 283 2504 in
307 2466 342 2506 eo
365 2447 446 2524 quod
468 2447 597 2506 Romani
624 2447 744 2524 imperii
765 2448 945 2524 principem,
968 2447 1065 2523 pium,
1090 2447 1272 2525 religiosum,

250 2535 516 2610 prudentissimum
543 2536 711 2613 fortemque
738 2538 901 2609 nutrierat,
933 2537 1029 2612 ipsius
1055 2554 1126 2595 vero
1152 2535 1271 2596 Aeneae

251 2624 425 2683 vicissitudo
450 2625 603 2701 reciproca
625 2625 668 2684 sic
691 2626 849 2685 defunctae
873 2643 991 2684 curasse
1014 2626 1214 2701 sepulturam,
1237 2627 1273 2684 ut

250 2713 320 2788 post
349 2731 499 2772 excessum
527 2717 650 2774 aeterna
676 2715 815 2774 nominis
834 2715 897 2774 eius
924 2714 1068 2774 memoria
1095 2717 1272 2790 superesset.

251 2819 354 2860 verum
378 2801 449 2876 quia
471 2802 504 2860 id
525 2804 617 2863 etiam
635 2803 749 2862 Miseno
768 2807 799 2861 et
818 2803 961 2863 Palinuro
980 2805 1117 2876 summis,
1136 2802 1272 2880 egregiis,

206 2904 232 2945 rs
250 2889 448 2948 familiaribus
481 2891 545 2952 suis
576 2891 688 2951 fecerat
720 2894 812 2969 atque
850 2911 953 2952 eorum
991 2894 1115 2951 nomina
1151 2890 1273 2950 dederat

250 2979 337 3054 locis,
358 2978 428 3038 huic
450 2979 527 3040 libro
550 2981 671 3039 initium
694 2981 784 3041 datur
811 2985 843 3040 tc
866 2998 977 3054 qaoque
1000 2981 1133 3040 litoribus
1154 2982 1271 3049 uostris,

249 3066 365 3127 Aeneia
393 3071 508 3139 nutris,
534 3074 684 3129 actaacm
710 3071 838 3129 moriens
863 3071 992 3144 famam,
1019 3067 1134 3139 Caieta,
1158 3069 1271 3128 dedali.

249 3157 387 3217 fortassis
417 3159 527 3236 aliquis
556 3161 644 3235 putet
674 3159 827 3235 inproprie
859 3161 951 3236 caput
981 3159 1052 3218 libri
1083 3158 1272 3218 constituisse

249 3246 418 3325 Vergilium
447 3247 527 3322 ideo,
561 3249 633 3325 quia
662 3247 739 3308 dixit
766 3252 803 3308 tu
832 3267 965 3326 qnoque,
997 3266 1066 3308 cum
1095 3250 1165 3307 ante
1193 3248 1273 3306 hunc

205 3351 231 3390 ro
249 3354 368 3395 versum
398 3336 517 3396 nullum
549 3337 717 3397 nominasse
747 3337 894 3398 videatur.
944 3339 1001 3397 hoc
1030 3337 1192 3396 aestimant
1220 3337 1273 3413 qui

322 3513 337 3560 1
351 3507 504 3574 confectam
518 3524 571 3562 om.
586 3508 704 3563 reditum
717 3510 855 3576 tranepos
867 3508 911 3563 ed.
976 3508 1215 3575 ttoaon'ficentia
1228 3507 1271 3561 ed.

251 3581 266 3629 ὁ
292 3579 397 3645 sufficit
416 3577 442 3632 V
466 3580 575 3647 suffecit
599 3579 642 3633 ed.
668 3579 789 3635 fumasse
815 3581 900 3633 recte.
973 3584 1006 3632 11
1032 3579 1130 3646 fortem
1154 3596 1225 3648 quac
1246 3578 1273 3632 V

251 3664 304 3702 om.
320 3649 364 3704 ed.
419 3650 599 3706 lisicVed.
613 3652 651 3705 sit
668 3651 711 3705 ed.
726 3653 799 3721 post.
852 3657 886 3705 14
899 3652 1068 3722 caepitque
1084 3650 1134 3705 ed.
1183 3654 1223 3700 ab
1237 3649 1287 3700 de-

251 3719 351 3775 deront
368 3720 411 3774 ed.
485 3723 599 3777 leidae
618 3739 671 3777 om.
691 3723 734 3778 ed.
763 3722 767 3798 l
796 3723 871 3781 braic
890 3740 948 3779 om.
967 3722 1015 3780 ed.
1089 3726 1131 3776 ab
1149 3719 1310 3774 numism

253 3790 296 3844 ed.
320 3790 327 3862 J
355 3793 512 3847 succinant
528 3794 569 3847 ed.

1123 3896 1164 3953 ἱ*
