3142 4375
669 505 852 561 Asnnmos
870 505 896 560 x
1226 509 1291 575 325

275 673 371 733 adbuc
393 674 553 734 incolumis
575 675 675 733 fuerat
697 675 758 735 vim
776 677 933 752 pateretur
950 675 1094 734 obsessus.
1126 674 1219 735 satiat
1235 676 1292 735 hoc

273 764 374 840 ipsum
395 766 565 824 monstrans
585 762 734 840 quomodo
754 782 834 841 spes,
858 765 1007 841 quomodo
1027 766 1106 824 esset
1123 769 1233 825 metus:
1257 784 1293 824 ex

273 853 359 929 parte
374 854 439 930 spei
452 855 523 914 sunt
536 872 637 912 murus
656 856 687 912 et
704 853 785 912 fossa
804 854 914 930 quibus
932 853 1123 914 muniebatur
1135 853 1293 929 Ascanius,

273 960 310 1000 ex
338 944 425 1019 parte
455 945 555 1002 autem
584 945 681 1001 metus
710 942 836 1020 puerilis
866 945 949 1002 aetas
970 945 1003 1002 in
1027 963 1088 1019 qua
1111 943 1292 1003 constitutus

242 1030 341 1090 sinit.
373 1030 431 1089 telo
452 1032 528 1089 inter
549 1032 648 1091 medio
670 1035 756 1103 atque
772 1032 917 1091 horrentis
934 1034 1035 1091 Morte
1052 1032 1193 1091 Latinos:
1215 1033 1293 1091 inter

272 1120 373 1196 ipsum
394 1121 496 1179 tamen
523 1122 554 1179 et
580 1122 707 1187 mortem
734 1140 794 1179 non
823 1121 986 1197 plurimum
1008 1120 1127 1180 dicebat
1148 1122 1291 1180 interesse

273 1207 460 1268 discriminis.
507 1208 609 1269 debuit
636 1205 731 1287 igitur
759 1228 933 1287 properare,
963 1212 1126 1287 antequam
1158 1211 1196 1269 ad
1229 1210 1291 1270 eius

271 1297 427 1357 interitum
455 1297 550 1357 hostis
581 1298 771 1359 avidissimus
801 1300 977 1375 perveniret.
1030 1301 1091 1357 iam
1119 1300 1182 1359 loco
1208 1299 1292 1358 tasso

271 1390 347 1446 tenet
376 1387 447 1460 forti
478 1388 643 1460 permistos
673 1388 801 1447 Etrusco
830 1387 928 1448 Areos
964 1405 1063 1461 eques:
1099 1388 1292 1448 directionem

228 1475 400 1537 mistorum
422 1480 512 1552 poeta
534 1496 594 1536 non
618 1476 789 1554 descripsit,
813 1478 864 1537 sed
891 1476 961 1537 hinc
987 1477 1174 1555 intellegitur
1201 1478 1290 1537 facta.
1356 1525 1364 1541 .

270 1565 326 1624 hos
348 1565 444 1642 igitur
465 1568 587 1625 nuntiat
609 1585 645 1625 ea
667 1566 729 1624 iam
751 1568 818 1626 loca
841 1567 972 1626 tenuisse
996 1566 1122 1644 quaein
1140 1566 1290 1625 mandatis

269 1653 447 1713 habuerant.
487 1656 600 1714 medias
622 1655 683 1714 illis
706 1673 850 1731 opponere
872 1660 998 1725 termae,
1027 1673 1064 1715 cc
1093 1658 1198 1715 castris
1225 1657 1353 1719 son-240

268 1747 354 1817 pant,
385 1747 463 1802 certa
493 1747 534 1803 esi
562 1746 705 1804 sententia
735 1746 854 1804 Turno:
882 1765 977 1803 unum
1004 1764 1180 1821 prosperum
1207 1744 1291 1819 dixit,

271 1832 343 1909 quia
370 1836 567 1909 pervenerant
594 1836 654 1910 sui,
686 1834 763 1894 dixit
789 1834 985 1909 contrarium,
1017 1836 1089 1912 quia
1117 1834 1210 1893 Turni
1233 1834 1290 1893 dis·

226 1935 252 1978 is
269 1921 382 1997 positio
405 1922 465 1980 fuit
487 1922 598 1982 medios
622 1942 771 1999 opponere
796 1923 849 1999 qui
871 1942 920 1983 eos
950 1925 1055 1983 castris
1083 1942 1204 1982 sucrum
1231 1941 1290 1981 non

270 2004 402 2070 sinerent
423 2011 518 2089 iungi.
550 2012 606 2071 boc
628 2032 735 2091 genere
755 2013 887 2072 ostendit
905 2012 1000 2072 omnis
1019 2014 1052 2071 in
1069 2012 1200 2090 periculo
1219 2030 1291 2087 esse,

270 2118 339 2159 cum
369 2099 423 2159 alii
452 2100 520 2159 aliis
550 2100 707 2160 subvenire
738 2121 798 2161 non
828 2104 957 2178 possent.
1012 2104 1195 2179 quapropter
1211 2103 1291 2161 recte

269 2189 453 2250 celeritatem
472 2190 629 2268 suadebat,
650 2194 685 2250 ut
704 2195 772 2252 ante
792 2191 908 2252 Aeneas
927 2194 1043 2252 veniret
1061 2212 1152 2270 quam
1171 2192 1290 2253 Turnus

270 2279 406 2358 cogitata
437 2281 604 2356 perficeret,
636 2280 738 2357 potnit
769 2282 881 2358 quippe
913 2281 1029 2341 Aeneas
1063 2282 1224 2341 adveniens
1261 2283 1292 2340 et

224 2381 251 2422 so
270 2368 380 2428 eleusis
408 2370 439 2427 et
465 2369 652 2429 venientibus
682 2369 849 2430 subvenire.
895 2388 981 2445 serpe
1004 2389 1071 2445 oye:
1093 2371 1234 2430 hortatur
1256 2372 1291 2428 ut

269 2460 388 2537 surgat,
411 2457 463 2518 sed
486 2458 638 2518 sedentem
661 2461 785 2535 excitat,
809 2479 868 2518 non
891 2459 1095 2519 dormientem.
1128 2479 1215 2538 surge
1236 2478 1291 2537 age

268 2565 329 2606 non
362 2547 407 2606 est
438 2547 582 2622 iubentis,
615 2548 666 2607 sed
698 2549 832 2627 urgentis
865 2549 904 2606 ad
932 2550 1066 2625 gloriam.
1121 2554 1148 2607 et
1179 2566 1291 2607 aurora

267 2636 361 2695 socios
383 2637 512 2695 occiente
534 2638 634 2696 oooore'
650 2638 770 2711 primos
793 2640 826 2697 io
849 2656 935 2697 ormo
957 2639 1038 2696 iube:
1060 2640 1091 2696 et
1108 2657 1223 2711 aurora,
1247 2638 1291 2695 in·

268 2725 348 2801 quit,
378 2726 530 2800 veniente,
559 2726 615 2785 hoc
646 2729 692 2786 est
721 2729 885 2804 antequam
910 2728 999 2803 plena
1028 2727 1131 2787 redeat
1161 2727 1226 2800 lux,
1258 2726 1290 2783 in

223 2827 250 2870 es
268 2832 354 2873 arma
376 2815 544 2874 convocari·
558 2817 654 2875 socios
677 2817 791 2893 primus
814 2817 961 2894 praecipe.
994 2817 1125 2893 primum
1149 2816 1291 2874 admonet

267 2902 379 2977 facere,
404 2923 480 2980 quae
503 2923 549 2964 res
569 2905 709 2964 vincendi
726 2906 866 2965 fiduciam
885 2905 1089 2982 promittebat.
1122 2910 1148 2963 et
1166 2905 1290 2976 clipcwm

267 3009 339 3066 eope
362 3009 446 3066 quem
468 2994 548 3052 dedit
568 2994 631 3068 ipse
653 2996 794 3053 invictum
815 2997 979 3069 ipaipotens
998 2999 1083 3067 atque
1101 3012 1169 3052 oros
1188 2994 1291 3052 ambiit

267 3098 358 3141 aare:
385 3083 655 3142 consternabuntur
681 3085 795 3159 hostes,
823 3083 936 3160 inquit,
960 3085 985 3143 si
1007 3085 1137 3159 primum
1160 3082 1290 3142 viderint

266 3170 399 3248 incipere
413 3171 596 3250 adgredique
611 3175 760 3232 certamen
775 3175 865 3248 atque
881 3173 970 3232 armis
981 3173 1091 3232 divinis
1101 3174 1289 3232 instinctum.

221 3275 248 3316 ee
266 3260 400 3319 amano
430 3261 493 3330 lca,
523 3278 589 3321 mco
620 3263 648 3320 si
679 3279 738 3320 noo
770 3263 863 3320 inrito
895 3263 973 3320 dicto
1000 3263 1131 3335 potoris,
1164 3262 1351 3335 inperitiam

265 3348 398 3408 Rutulae
420 3352 560 3422 spectabit
582 3351 679 3409 coedis
703 3368 835 3409 acervos:
858 3370 923 3410 ecce
946 3351 1093 3428 praedicit
1120 3353 1150 3408 et
1176 3351 1281 3409 futura

339 3536 521 3592 lincolomis
539 3536 572 3590 V.
602 3537 604 3608 t
634 3540 690 3592 cine
707 3545 851 3607 pateretur
868 3539 894 3591 Β
915 3545 992 3607 etp
1007 3537 1033 3590 V
1050 3538 1092 3591 ed
1121 3537 1125 3609 t
1155 3539 1290 3592 obsessum

264 3607 310 3662 ed
339 3606 343 3681 Ι
372 3609 462 3662 saciat
451 3607 526 3662 ΠΒ
544 3611 615 3663 sciat
633 3609 675 3663 ed.
749 3615 881 3665 tmaros
903 3610 936 3663 Β
1011 3615 1043 3662 17
1063 3610 1129 3664 aliis
1147 3626 1200 3662 om.
1218 3610 1261 3663 ed
1284 3609 1287 3678 t

263 3685 473 3822 &propter
455 3678 507 3732 Va
530 3686 677 3749 propterea
704 3680 747 3734 ed.
784 3681 787 3751 ι
822 3688 892 3736 recte
920 3698 973 3735 om.
997 3680 1040 3734 ed
1123 3687 1157 3735 26
1182 3680 1290 3735 cicendi

336 3766 399 3805 corr
426 3769 447 3805 r.
470 3750 622 3822 iclypecm
640 3751 673 3804 Β.
747 3757 781 3805 28
805 3755 830 3806 si
851 3760 877 3807 tc
896 3754 1019 3821 primam
1042 3751 1086 3806 ed.
1159 3757 1198 3804 ti
1220 3768 1299 3818 spec-

262 3820 424 3961 ἣίαξῦωᾙῑξ
450 3824 583 3891 spectabit
572 3823 661 3877 ted
700 3822 868 3894 (interprete
851 3824 964 3894 atione,
999 3827 1037 3879 nt
1071 3823 1213 3884 sidetes
1246 3834 1319 3870 m

379 3909 405 3945 m
