3142 4375
663 458 904 515 Annnmosrx
1228 460 1294 529 285

272 630 353 690 hune
381 629 554 706 pertenet
580 628 699 689 Turnus
728 628 871 688 tendebat
898 632 929 688 et
956 646 990 687 oo
1020 628 1108 687 illum
1133 627 1296 688 trudebant

273 716 441 796 eonstipati
471 717 608 794 Troiani,
640 721 675 778 ut
705 717 818 795 periret
848 720 880 777 in
912 716 1063 796 gurgitem
1094 735 1208 777 mersus
1241 720 1296 777 sut

273 806 462 868 oeoumberet
483 806 572 866 ferro.
613 807 759 884 perebole
781 806 926 882 succedit,
948 809 985 866 ut
1003 806 1179 866 ostendatur
1197 806 1296 884 qualis

271 899 348 958 tuno
365 896 459 956 fuerit
476 895 607 972 tumus,
625 897 730 972 quoles
748 915 820 956 vero
838 896 976 957 Troiani:
999 912 1052 955 eeu
1069 913 1190 955 sueomn
1208 897 1296 955 touta

243 987 386 1046 rhenos
414 1002 482 1046 oum
510 985 575 1045 tete
599 987 709 1060 premit
735 986 875 1059 infensis,
904 989 936 1045 at
964 986 1083 1044 territus
1108 986 1170 1054 ese,
1199 1001 1295 1059 asper,

272 1075 383 1136 orado
404 1077 489 1133 tueris
510 1078 587 1133 retro
608 1075 685 1133 redit
706 1079 733 1133 et
754 1092 845 1147 oeque
863 1079 944 1149 terpe
961 1076 1011 1134 ira
1033 1074 1106 1133 dere
1128 1078 1181 1134 oet
1201 1075 1358 1140 virtuosos

268 1165 388 1239 patim
408 1180 462 1222 nee
479 1164 595 1223 tendere
616 1168 716 1223 eontra
734 1160 802 1238 [ille
819 1164 934 1237 quidem
951 1165 1004 1223 hoe
1022 1164 1142 1236 cupiens
1156 1164 1237 1236 poen
1255 1167 1298 1222 est

267 1269 326 1328 per
348 1253 409 1312 telo
429 1249 596 1328 serosque:
624 1254 806 1329 exquisitum
828 1252 989 1328 parabolus
1012 1271 1107 1331 genus
1130 1255 1161 1312 et
1183 1252 1295 1330 speeies

272 1343 340 1404 loeo
363 1341 560 1420 personisque
584 1341 769 1402 conveniens.
811 1359 879 1400 eum
901 1342 981 1401 enim
1004 1342 1123 1401 Turnus
1146 1342 1211 1401 viso
1236 1342 1296 1401 evi·

232 1445 257 1488 ιι
272 1431 360 1492 denti
390 1430 525 1509 periculo
558 1430 687 1491 eedendo
720 1430 812 1491 vellet
843 1430 982 1505 evadere,
1014 1433 1100 1508 terge
1132 1429 1204 1489 dare
1236 1449 1296 1489 non

272 1519 420 1596 audebat,
442 1539 480 1580 ne
503 1523 684 1598 oportunum
707 1538 737 1580 se
761 1519 918 1596 praeberet
941 1520 980 1578 ed
1000 1520 1134 1579 eaedem:
1157 1520 1296 1579 insistere

271 1627 335 1670 non
353 1611 475 1686 poterut
492 1628 626 1688 pugneo,
648 1628 685 1668 ne
703 1608 736 1668 in
755 1627 791 1667 es
810 1627 829 1667 s
846 1608 983 1685 plurimis
1002 1611 1160 1684 superatus
1179 1626 1296 1666 oceum-

271 1699 367 1760 beret.
412 1697 529 1758 invenit
550 1701 641 1774 poete
663 1699 725 1757 tels
747 1698 887 1757 animalis
910 1716 1003 1775 genus
1027 1697 1107 1774 quod
1129 1698 1241 1758 virtute
1261 1714 1297 1756 ue

271 1787 396 1848 feritate
419 1789 576 1863 praestans
598 1788 692 1847 telem
714 1790 841 1847 naturae
869 1787 979 1846 hebeat
1000 1805 1126 1861 morem,
1153 1789 1201 1858 ut,
1229 1804 1297 1845 eum

233 1889 257 1932 ιι
272 1877 306 1936 in
332 1877 500 1936 multorum
526 1876 652 1936 insidias
680 1879 810 1951 venerit,
840 1878 970 1935 eedendo
998 1894 1029 1936 se
1051 1876 1152 1954 potius
1175 1877 1297 1935 tueetrr

273 1985 369 2044 quum
390 1966 477 2044 terge
499 1966 655 2040 vertend0‚
679 1969 710 2025 et
732 1966 813 2043 quod
835 1966 993 2043 intelleget
1019 1984 1050 2024 so
1077 1966 1108 2024 in
1137 1964 1296 2024 adversum

273 2053 342 2130 nid,
362 2055 440 2116 siin
459 2055 607 2115 confertos
624 2054 771 2131 impetum
789 2054 891 2130 faeiat,
915 2058 1063 2115 ettamen
1081 2056 1170 2113 tenta
1187 2053 1297 2113 fidneis

274 2146 364 2225 aget,
389 2145 426 2204 ut
451 2143 557 2204 melius
585 2146 673 2221 putet
695 2164 749 2221 per
770 2144 833 2205 tels
855 2147 885 2204 et
907 2164 961 2221 per
982 2143 1078 2203 hostis
1101 2145 1181 2203 exire
1204 2161 1297 2221 quern

273 2233 373 2295 rideri
400 2235 530 2293 eessisso.
574 2234 648 2293 huot
675 2235 760 2292 aliter
786 2239 862 2293 retro
891 2234 998 2293 dubius
1025 2235 1148 2307 oestipe'o
1175 2234 1297 2292 Tomos

235 2332 260 2377 ιι
273 2324 468 2398 &properata
489 2322 579 2396 refert
601 2326 628 2381 et
648 2340 730 2381 mens
753 2327 903 2382 exaestuat
924 2324 987 2381 tro:
1010 2324 1065 2397 sie,
1088 2322 1202 2397 inquit,
1225 2322 1297 2381 feeit

273 2412 373 2493 igitur
406 2411 539 2487 Turnus,
576 2413 619 2470 sio
649 2411 696 2469 irs
726 2430 788 2470 non
819 2430 932 2471 vacuus
968 2413 1132 2470 retrorsum
1168 2411 1297 2488 vestigia

273 2500 433 2561 referebat.
487 2500 560 2573 oreo
589 2501 676 2560 etiem
707 2502 751 2559 bis
783 2505 845 2559 tum
875 2501 986 2559 medios
1016 2501 1167 2559 invaserat
1197 2500 1296 2569 tostis,

274 2592 322 2651 ee
343 2590 470 2663 confusa
490 2590 566 2663 sepe
583 2606 640 2662 per
662 2607 762 2649 meros
787 2590 908 2664 eymino
929 2590 1027 2648 oerte't:
1057 2591 1224 2662 ettamen,
1251 2590 1359 2651 in·800

275 2678 358 2757 quit,
381 2697 449 2739 oum
473 2679 584 2738 sensim
606 2677 736 2754 eederet,
759 2678 805 2738 bis
830 2679 921 2738 etism
944 2682 1010 2737 tum
1032 2679 1127 2739 hostis
1151 2678 1295 2736 Troianos

236 2766 390 2831 ”inussit
411 2768 588 2843 tentumque
612 2767 703 2827 solius
726 2767 857 2846 impetus
884 2767 997 2846 potuit,
1024 2770 1060 2827 ut
1082 2767 1172 2827 simul
1195 2784 1295 2826 omnes

274 2856 322 2919 bis
342 2857 378 2917 in
399 2875 499 2916 muros
523 2856 721 2934 aufugissent.

345 2944 407 3007 Sed
432 2964 541 3005 meses
564 2963 579 3004 e
602 2947 706 3005 eastris
723 2963 851 3019 propere
874 2946 928 3005 eoe't
954 2947 1050 3004 mets
1072 2946 1105 3003 ie
1126 2962 1235 3003 onem:
1264 2943 1297 3002 in

275 3056 371 3097 unum
393 3034 490 3095 omnis
517 3035 680 3094 multitudo
703 3036 855 3109 convenit,
883 3038 919 3093 ut
941 3035 994 3093 uni
1016 3035 1117 3093 resisti
1140 3032 1296 3109 potuisset.

277 3127 427 3205 quantum
449 3124 503 3184 dat
521 3125 636 3199 Turne,
658 3128 694 3183 ut
712 3128 817 3183 eontra
834 3144 930 3182 unum
948 3126 978 3182 et
996 3124 1092 3182 solum
1110 3125 1141 3181 et
1159 3125 1297 3198 saeptum

237 3221 262 3266 ⁸⁸
275 3214 410 3291 undique
436 3168 689 3292 congregareritur
713 3212 858 3272 universi!
899 3229 952 3271 nee
978 3216 1078 3271 eontra
1104 3213 1179 3270 virts
1210 3211 1299 3271 audet

253 3294 424 3365 omenta
444 3301 524 3362 Ieme
546 3303 696 3377 sufficere:
723 3304 810 3362 stnte
838 3302 981 3362 adversus
1008 3301 1143 3392 Turnum
1170 3301 1224 3359 ille
1250 3300 1297 3360 vis

437 3491 492 3561 pite
510 3490 554 3546 ed
623 3489 862 3558 dparabuloV(
862 3491 895 3542 nt
913 3489 1003 3557 solet).
1073 3494 1131 3542 tv.
1147 3493 1198 3542 796
1218 3488 1297 3543 deest

276 3496 558 3630 inveiiwsxpode
559 3561 669 3615 licetur.
748 3559 1025 3629 Seeqeaesit.umV
1055 3559 1058 3630 y
1087 3558 1233 3628 speeieeV
1255 3577 1296 3629 sp.

276 3634 326 3691 sed
342 3632 388 3691 ed.
453 3637 487 3687 10
505 3633 617 3688 eooden
630 3630 656 3684 V
674 3633 799 3687 eeoedere
818 3631 861 3686 ed
923 3637 956 3684 11
976 3632 1116 3686 insisteret
1105 3630 1155 3685 tV
1168 3647 1237 3685 corr
1253 3632 1295 3686 ed.

279 3712 312 3761 12
329 3722 367 3761 ne
383 3720 439 3761 om.
453 3703 487 3761 V
544 3710 578 3758 14
595 3704 675 3758 hebet
692 3704 736 3757 ed
792 3708 825 3756 17
844 3702 1026 3769 eonfertoeV
1079 3707 1114 3755 24
1131 3703 1297 3759 troianisV.

278 3782 313 3833 28
332 3778 490 3849 puteum
509 3774 543 3830 V
617 3780 649 3829 29
668 3781 782 3829 twrmem
796 3773 822 3827 V
840 3791 909 3828 eorr.
925 3773 968 3828 ed.
996 3773 1000 3845 Ι
1029 3780 1166 3829 eontra-
1133 3780 1299 3844 —seeptum

278 3850 416 3921 (rupim
428 3845 465 3918 V)
483 3849 590 3903 tumme
607 3848 675 3901 mut
691 3846 734 3900 ed
