3142 4375
623 517 807 573 AENEIDOS
821 518 874 572 VH
1215 521 1258 585 93

237 686 478 763 inpedimentum
500 687 668 762 potuissent
691 687 748 746 soli
770 691 870 763 postes
895 686 1023 761 adferre,
1053 686 1079 745 si
1101 687 1174 746 locis
1197 686 1260 745 suis

238 778 317 836 forte
344 776 533 835 mansissent.
578 777 611 834 in
639 776 792 835 eversione
819 775 954 852 postium
980 775 1098 835 animus
1120 775 1261 835 inimicae

239 863 473 926 considerandus
501 867 560 939 est,
590 883 668 941 quae
698 866 741 924 sic
768 865 841 924 belli
872 867 1058 925 reseraverat
1089 883 1157 924 cum
1187 866 1260 941 ipsis

238 954 376 1032 postibus
390 956 503 1030 portas,
521 957 556 1013 ut
569 954 663 1013 vulsis
682 954 765 1030 ipsis,
785 954 838 1031 qui
851 954 1038 1013 firmamenta
1056 951 1260 1030 praestabant,

204 1061 219 1102 e
238 1046 350 1104 iterum
373 1043 472 1103 claudi
495 1062 555 1102 non
577 1046 700 1118 possent
722 1045 753 1102 et
776 1062 943 1120 numquam
966 1043 1114 1103 desineret
1140 1043 1260 1102 bellum.

240 1135 362 1211 quanta
387 1134 488 1191 autem
517 1133 563 1191 vis
592 1131 717 1191 Iunonis
746 1133 787 1192 sit
813 1134 846 1191 in
873 1134 953 1192 facto
981 1132 1047 1209 ipso
1071 1151 1207 1208 expresse
1231 1137 1262 1191 et

240 1222 394 1283 evidenter
416 1223 570 1280 ostensum
588 1225 646 1297 est3
669 1240 740 1280 nam
758 1240 834 1297 quas
853 1223 973 1280 centum
992 1222 1072 1281 aerei
1090 1223 1262 1281 clauserant

239 1315 353 1387 vectes,
376 1329 453 1388 quas
476 1312 597 1370 aeterna
620 1311 693 1370 ferri
715 1310 909 1370 firmaverant
931 1310 1052 1386 robora,
1080 1312 1148 1387 ipsa
1169 1310 1261 1371 unius

239 1419 348 1460 manus
370 1401 492 1476 inpulsu
511 1400 656 1475 innitens,
679 1419 739 1458 non
758 1399 890 1475 corporis
908 1401 1036 1475 virtute,
1060 1400 1111 1460 sed
1129 1399 1261 1474 numine,

194 1508 220 1547 ιο
239 1492 342 1567 ipsum
360 1508 479 1565 quoque
502 1488 663 1549 bifrontem
686 1489 840 1549 custodem
864 1490 1043 1548 auctoritate
1063 1489 1185 1549 maioris
1208 1508 1261 1565 po-

241 1578 362 1637 testatis
385 1597 548 1654 exuperans
573 1581 603 1638 et
621 1579 765 1654 patefecit
782 1581 885 1654 portas
905 1580 936 1637 et
953 1597 1056 1637 earum
1073 1582 1174 1654 postes
1193 1578 1261 1637 sub-

242 1666 343 1727 vertit.
372 1668 533 1742 patefactio
552 1671 709 1744 portarum
727 1667 802 1743 quid
820 1668 1005 1743 praestiterit
1022 1667 1123 1727 studio
1137 1667 1261 1727 Iunonis

241 1756 351 1832 incipit
373 1756 551 1815 enumerari:
583 1757 667 1816 ardet
692 1758 819 1815 inexcita
845 1754 983 1815 Ausonia
1006 1761 1091 1828 atque
1113 1756 1262 1814 immobilis

241 1850 324 1905 amic:
352 1844 427 1904 bene
454 1850 544 1922 poeta
571 1865 684 1905 memor
712 1848 757 1905 est
784 1845 845 1921 sui3
873 1864 964 1921 supra
986 1847 1066 1905 enim
1089 1844 1165 1904 dixit
1183 1836 1260 1925 (45)

193 1950 220 1991 15
241 1955 315 2010 „rex
342 1952 415 1995 arva
438 1934 565 1994 Latinus
589 1938 619 1994 et
641 1934 725 1995 urbis
747 1935 809 1994 iam
832 1936 931 1993 senior
952 1935 1045 2013 longa
1067 1933 1201 2011 placidas
1229 1935 1262 1991 in

240 2042 314 2100 pace
331 2023 486 2102 regebat“.
522 2042 592 2101 ergo
615 2042 780 2100 numquam
803 2024 934 2084 excitata
951 2024 984 2082 in
1001 2024 1116 2082 bellum
1128 2023 1263 2082 Ausonia

241 2116 273 2173 et
290 2131 407 2190 semper
425 2114 485 2171 otio
502 2113 584 2190 pacis
598 2112 750 2172 inmobilis
770 2112 894 2172 ardebat
910 2117 983 2172 tunc
1001 2114 1101 2173 furore
1119 2112 1261 2171 bellandi.

240 2205 314 2263 sunt
336 2203 389 2278 qui
412 2203 552 2263 adserunt
573 2203 630 2263 hoc
652 2204 717 2262 loco
741 2203 892 2263 contraria
915 2204 1067 2279 scripsisse
1083 2202 1262 2280 vergidum,

240 2296 289 2368 ut,
310 2290 391 2352 'cum
421 2292 485 2369 ipse
517 2293 626 2351 dixerit
658 2292 712 2352 sub
744 2291 855 2352 Latino
886 2293 1009 2370 longam
1040 2312 1143 2369 pacem
1170 2292 1263 2352 fuisse

194 2397 221 2437 ao
240 2381 423 2458 perindeque
451 2383 617 2441 Ausoniam
646 2381 725 2441 bella
754 2383 897 2456 nescisse,
920 2381 984 2457 ipse
1011 2400 1131 2441 rursum
1157 2383 1190 2441 in
1214 2382 1262 2440 de·

242 2471 404 2547 scriptione
427 2471 569 2530 vestibuli
588 2470 692 2530 domus
716 2472 779 2530 eius
804 2470 969 2530 ostenderit
990 2471 1088 2530 multa
1111 2489 1146 2529 ex
1168 2471 1261 2530 hosti·

240 2560 298 2619 bus
326 2563 428 2635 capta,
459 2579 562 2619 currus
592 2561 719 2635 scilicet,
749 2559 861 2620 securis
889 2562 920 2618 et
947 2562 1053 2619 cetera.
1097 2561 1172 2619 haec
1201 2579 1263 2619 non

241 2649 387 2724 dicerent,
415 2649 442 2708 si
463 2651 569 2725 poetae
593 2649 685 2708 verba
713 2650 835 2727 singula
862 2648 1085 2709 considerarent
1107 2649 1155 2708 vel
1183 2651 1262 2707 certe

240 2742 378 2815 tempora
402 2740 456 2796 aut
478 2759 532 2814 per
555 2757 628 2814 quos
653 2740 742 2813 capta
766 2739 840 2814 sint3
863 2757 934 2796 nam
957 2741 988 2797 et
1005 2739 1104 2813 ipsum
1118 2736 1262 2796 Latinum

195 2841 222 2882 rs
240 2845 400 2904 possumus
430 2827 603 2906 intellegere
634 2827 796 2904 aliquando
824 2846 973 2905 pugnasse
1001 2830 1032 2886 et
1054 2829 1124 2902 post
1145 2825 1263 2885 labores

241 2916 365 2976 bellicos
388 2916 510 2994 longam
537 2936 642 2993 pacem
664 2916 804 2976 habuisse
827 2918 858 2975 et
880 2916 1089 2992 captivitatem
1112 2934 1263 2973 armorum

242 3024 278 3065 ac
297 3006 519 3081 triumphorum
539 3007 770 3065 ostentationem
789 3006 982 3065 constitutam
996 3005 1028 3063 in
1047 3004 1195 3065 vestibulo
1212 3003 1263 3062 do·

241 3113 308 3154 mus
328 3095 367 3154 ad
380 3094 483 3154 Latini
500 3096 642 3170 maiores,
661 3114 722 3154 non
741 3094 778 3153 ad
796 3095 897 3170 ipsum
910 3093 1054 3154 Latinum
1074 3093 1262 3169 pertinuisse.

243 3183 371 3260 denique
403 3185 495 3262 longa
526 3184 589 3243 illic
619 3185 765 3243 memoria
798 3183 947 3259 descripta
977 3187 1023 3243 est
1051 3182 1083 3241 in
1110 3185 1263 3242 vetustate

197 3286 224 3326 so
242 3273 411 3352 imaginum
427 3275 458 3332 et
472 3273 546 3348 Pici,
560 3292 620 3332 non
634 3272 737 3331 Latini
753 3291 861 3331 nomen
875 3274 959 3350 regia
970 3272 1026 3330 illa
1039 3271 1201 3348 retinebat3
1220 3271 1263 3332 sic

243 3363 324 3421 enim
342 3363 476 3438 positum
495 3366 540 3422 est
554 3354 663 3443 (170):
677 3364 814 3437 „tectum
828 3364 999 3439 augustum,
1012 3361 1128 3440 ingens,
1142 3363 1263 3421 centum

317 3557 331 3604 1
351 3568 399 3606 sem
414 3549 438 3604 V
452 3567 506 3605 om.
522 3549 565 3604 ed.
584 3551 637 3604 soli
654 3566 713 3603 nos.
769 3555 784 3603 6
804 3565 944 3618 expraesse
959 3550 1081 3604 videnter
1095 3549 1121 3602 V
1135 3565 1204 3602 corr.
1219 3548 1262 3602 ed.

244 3627 405 3677 taeterrime
423 3620 456 3675 V.
526 3627 560 3675 13
578 3621 678 3676 ardent
694 3620 728 3674 V.
797 3627 830 3674 14
849 3638 988 3676 memorem
1006 3620 1091 3675 smiV
1108 3636 1208 3675 memor
1225 3627 1264 3674 est

243 3695 289 3748 emi
307 3692 332 3746 U
350 3710 451 3749 orcozor
468 3694 525 3760 fcit
543 3693 585 3747 ed.
647 3695 679 3744 19
698 3691 749 3746 seb
768 3692 887 3746 iaticum
900 3691 926 3746 V
941 3709 1009 3746 corr.
1025 3692 1068 3747 ed.
1124 3697 1158 3745 21
1177 3697 1263 3746 osten·

244 3765 316 3820 derit
328 3763 354 3818 V
372 3765 430 3820 -dit
449 3765 491 3820 ed.
559 3769 593 3818 80
611 3763 759 3833 imapiuem
773 3762 799 3816 V
818 3763 861 3816 ed.
880 3764 929 3831 (ad
947 3763 1101 3832 sequentia
1114 3761 1213 3817 traxit
1227 3762 1279 3813 eu.

243 3837 328 3905 post.)
346 3836 498 3905 imapmum
515 3853 573 3891 nos.
594 3836 601 3910 1
620 3851 723 3893 mmmm
737 3833 772 3892 V.
834 3842 870 3894 31
890 3838 966 3895 euim
986 3853 1044 3895 om.
1059 3836 1107 3892 ed.
1122 3835 1141 3906 Χ
1156 3845 1297 3901 nequeo·

240 3914 298 3960 tum
310 3922 365 3972 pro
382 3913 529 3976 ocymum
545 3907 576 3964 V.

1363 3954 1371 4039 t
