3142 4375
628 520 870 577 Auuuurosix
1193 522 1259 606 245

241 692 373 751 exitium.
414 689 524 750 diversi
547 690 799 764 circumspiciant:
820 708 881 749 non
904 707 1005 749 omnes
1027 708 1121 749 unam
1143 690 1261 766 partem

240 780 449 855 intuebantur,
477 778 529 840 sed
553 779 734 854 aldeham,
761 779 896 840 volentes
923 776 1009 838 missi
1030 778 1085 837 teli
1108 780 1261 838 auctorem

242 872 272 928 et
294 869 367 928 mali
389 870 469 929 tanti
487 868 633 947 originem
656 887 751 929 nosse.
796 868 849 927 hoe
873 867 970 927 aerior
993 868 1071 927 Mem
1094 884 1155 927 ecce
1177 866 1262 926 aliud

241 976 358 1017 summo
380 959 468 1017 tetum
491 960 620 1018 librabat
641 959 678 1017 ab
702 974 790 1017 aare:
816 975 926 1035 magna
949 958 1036 1033 copia
1059 955 1262 1031 describentis,

205 1064 219 1105 s
241 1065 352 1125 magna
371 1048 515 1107 varietas:
539 1066 630 1123 supra
649 1046 726 1106 dixit
744 1045 874 1106 adducto
892 1046 1005 1106 lacerto
1019 1047 1146 1105 missum
1158 1045 1262 1121 telum,

241 1137 290 1196 hio
320 1136 397 1195 dixit
427 1134 464 1196 ab
495 1155 567 1195 auro
596 1135 735 1196 librabat.
785 1134 839 1195 ubi
866 1135 961 1215 igitur
989 1136 1121 1212 primum
1149 1134 1263 1195 iactum

242 1228 365 1287 eventus
390 1228 564 1285 consecutus
589 1226 647 1299 est,
676 1226 774 1285 acrior
800 1226 899 1284 factus
921 1225 1051 1302 parabat
1073 1226 1202 1285 alterum
1224 1223 1262 1284 ab

241 1316 309 1393 ipsa
338 1334 424 1390 aure3
455 1316 570 1391 quanto
600 1312 680 1373 enim
707 1316 872 1373 retrorsum
902 1313 1024 1373 ducitur
1051 1314 1146 1373 telum
1175 1314 1262 1372 tanto

241 1406 319 1464 ictus
343 1407 373 1464 et
395 1402 515 1481 longius
539 1402 624 1463 vadit
646 1405 677 1463 ot
698 1402 808 1463 fortior
829 1404 975 1478 pervenit.
1012 1404 1083 1461 dam
1105 1403 1262 1476 accidant,

194 1512 221 1552 ιο
241 1496 264 1552 a
293 1494 380 1553 basto
410 1493 491 1566 Touo
519 1509 580 1566 per,
604 1496 717 1567 taraus
747 1496 903 1565 aaronque
933 1491 1060 1551 studeas
1091 1492 1263 1564 traiectoque

241 1583 335 1641 boesa
362 1582 505 1654 tepefacta
533 1582 661 1642 cerebro:
688 1581 759 1641 dum
781 1580 892 1640 Rutuli
913 1578 1004 1639 unius
1027 1598 1100 1640 casu
1122 1579 1264 1640 commoti

241 1669 416 1745 turbantur,
435 1689 593 1746 percussus
612 1674 658 1731 est
676 1669 768 1731 etiam
787 1671 885 1748 Tag03
907 1688 979 1728 nam
996 1688 1050 1745 por
1068 1668 1130 1729 eius
1148 1671 1263 1728 utrum·

244 1780 300 1836 que
323 1763 441 1837 tempus
460 1761 590 1821 transiit.
627 1779 735 1820 nomen
752 1759 841 1821 istius
859 1760 1070 1835 monoptotum
1089 1757 1263 1833 declinavit3

243 1868 313 1907 nam
327 1848 448 1909 'diceret
470 1868 524 1926 per
542 1848 674 1927 Tagonis
697 1852 860 1927 utrumque
882 1850 1000 1925 tempus
1023 1847 1144 1907 transiit
1165 1848 1263 1907 hasta.

194 1956 223 1996 15
243 1939 335 1995 saeoe't
367 1942 450 1997 atrox
477 1938 602 1999 Volcens
631 1955 684 1998 nee
713 1939 763 1997 teli
792 1937 932 2010 conspicit
960 1954 1088 2010 usquam
1116 1940 1325 1996 auctorem420

244 2043 296 2085 aee
325 2044 379 2100 quo
406 2044 437 2085 se
464 2028 573 2087 ardens
600 2028 745 2087 tramittere
766 2027 878 2100 possit,⁸
907 2027 976 2103 plus
1006 2024 1085 2086 enim
1114 2026 1264 2086 crescebat

244 2114 400 2176 iracundia
422 2117 500 2193 eius,
524 2116 605 2194 quod
625 2118 732 2176 auctor
753 2116 830 2175 facti
851 2134 912 2175 non
932 2113 1097 2193 apparebat
1119 2134 1173 2175 nec
1196 2133 1264 2175 con·

245 2206 346 2265 stabat
374 2205 452 2265 unde
484 2206 561 2266 ultio
593 2205 746 2266 debuisset
777 2203 906 2283 exposci.
961 2210 994 2265 tu
1025 2210 1122 2264 tamea
1152 2205 1264 2265 interea

245 2295 338 2354 calido
372 2295 445 2353 mibi
475 2295 620 2370 sanquine
649 2312 764 2368 poenas
792 2295 940 2369 persolues
967 2294 1121 2354 omborma
1155 2295 1264 2368 inquit:

196 2401 226 2440 20
246 2385 388 2460 quoniam
416 2384 505 2459 latet,
534 2383 648 2462 inquit,
680 2380 778 2444 socius
808 2386 894 2459 tuus,
923 2385 958 2442 tu
987 2382 1109 2442 interim
1138 2382 1264 2442 duorum

245 2491 356 2548 poenas
383 2472 539 2548 expendes.
584 2473 673 2534 simul
700 2490 767 2533 ense
794 2473 906 2532 recluso
934 2473 998 2533 abac
1022 2472 1056 2530 in
1082 2472 1266 2547 anaaiau-

246 2562 337 2620 diotio
365 2561 437 2621 irati
464 2561 582 2622 fervens
610 2563 684 2622 satis
713 2565 743 2623 ct
770 2561 882 2638 brevis3
909 2580 970 2621 non
997 2562 1077 2620 enim
1103 2564 1135 2620 in
1158 2562 1266 2636 vorbis,

245 2649 298 2709 sed
316 2651 348 2709 in
366 2650 447 2709 facto
465 2650 542 2711 ultio
566 2651 665 2710 uerat
682 2652 873 2728 reposcenda.
913 2651 980 2710 ibat
996 2649 1091 2729 igitur
1112 2652 1145 2708 in
1167 2651 1264 2726 Eury·

245 2740 327 2798 alum
350 2738 457 2798 educto
481 2740 581 2818 gladio
599 2742 630 2800 et
651 2742 758 2816 parato
777 2738 817 2800 ad
834 2740 1009 2800 feriendum.
1045 2744 1107 2798 ima
1128 2756 1196 2798 cero
1219 2755 1266 2798 ec-

196 2845 224 2885 aa
245 2829 363 2888 territus
386 2845 488 2887 omeas
511 2828 672 2888 conclamat
693 2829 789 2889 Nisus
811 2845 864 2888 neo
886 2847 917 2888 se
939 2830 1034 2889 celare
1057 2829 1181 2887 tenebrae
1204 2837 1327 2886 our-425

240 2919 324 2992 plius
347 2920 532 2977 cutientem
550 2918 646 2991 potuit
665 2919 799 2992 perferre
816 2916 957 2977 dolorem:
980 2917 1100 2996 quando
1120 2916 1159 2976 ad
1178 2915 1267 2976 amici

245 3026 347 3066 necem
365 3008 489 3066 ventum
508 3009 566 3082 est,
584 3005 715 3067 latebras
734 3006 821 3067 dolor
839 3007 964 3067 ulterius
983 3008 1060 3066 ferre
1078 3025 1139 3066 non
1157 3004 1267 3082 potuit,

245 3099 278 3155 iu
304 3098 424 3156 tantum
460 3098 497 3156 ut
528 3115 558 3155 se
590 3098 690 3171 ipsum
722 3114 777 3155 sua
810 3095 949 3172 proderet
980 3115 1061 3157 voce.
1110 3095 1265 3157 videamus

245 3204 325 3245 nunc
353 3186 451 3261 qualis
479 3203 537 3245 vox
563 3182 733 3262 perturbati
759 3203 823 3245 esse
845 3187 946 3260 potuit
974 3187 1091 3245 eteius
1119 3204 1208 3262 quem
1231 3203 1266 3243 ex

196 3289 225 3330 ao
246 3293 337 3334 causa
355 3275 480 3333 maximi
498 3273 610 3334 doloris
630 3276 779 3334 amentem
798 3274 875 3333 dixit
893 3275 1044 3350 effectum3
1068 3274 1106 3333 ad
1128 3293 1163 3333 aa
1186 3272 1267 3332 enim

245 3363 422 3440 respondere
446 3364 616 3442 cogebatur
633 3381 712 3440 quae·
733 3362 851 3423 dixerat
863 3363 994 3423 Vulcens
1018 3366 1076 3439 „tu
1098 3364 1198 3422 tamen
1221 3362 1266 3420 in·

244 3456 328 3512 terea
357 3452 455 3513 calido
485 3452 559 3512 mihi
589 3454 734 3531 sanguine
763 3470 875 3529 poenas
902 3454 1052 3528 persolves
1080 3449 1266 3512 amborum“.

245 3541 337 3601 Nisus
362 3544 466 3601 eontra
490 3545 534 3602 ait
552 3559 609 3610 me,
633 3559 691 3610 rae,
716 3541 823 3601 adsim
841 3542 891 3614 que·
908 3542 978 3614 feei,
1001 3542 1033 3600 in
1051 3557 1096 3599 me
1114 3540 1266 3600 maeatae

318 3695 487 3749 4le‘berabot
505 3696 544 3762 (et
562 3693 647 3761 infra)
667 3691 701 3746 V.
775 3697 808 3746 12
836 3693 927 3762 Tarus
952 3691 996 3746 ed.
1069 3696 1102 3745 13
1125 3707 1265 3746 comea-

248 3772 282 3821 14
301 3767 414 3820 creauit
432 3781 485 3819 om.
501 3765 544 3820 ed.
619 3769 652 3818 16
671 3781 706 3818 ae
723 3779 775 3832 quo
789 3761 823 3816 V.
896 3768 931 3816 24
945 3769 1079 3833 pactum
1092 3761 1118 3816 V
1132 3779 1203 3817 corr.
1221 3763 1271 3816 ed

247 3842 282 3890 28
301 3853 353 3891 aaa
366 3837 494 3906 proderet
511 3853 600 3892 uocem
613 3834 639 3889 V
657 3853 679 3891 a.
690 3834 816 3905 perderet
830 3850 893 3892 ooce
911 3834 959 3892 cd.
1011 3839 1050 3890 bb
1069 3834 1110 3891 ad·
1123 3851 1159 3890 ea
1172 3829 1280 3887 eum

246 3907 387 3977 quemad
405 3924 437 3962 ea
455 3907 496 3961 ed.
570 3911 602 3962 31
622 3913 764 3981 eoyeretur
782 3908 829 3968 cd.
