3142 4375
654 480 838 538 AENEIDOS
852 480 905 537 VII
1244 482 1288 547 43

270 652 396 732 largitor
426 652 494 729 plus
528 650 633 710 debuit
664 651 768 710 offerre
796 669 889 727 quam
915 651 1017 711 fuerat
1042 650 1230 727 postulatum
1259 652 1290 708 et

269 747 375 819 sponte
404 743 539 820 ingerere
571 740 654 818 quod
683 741 808 799 Troiani
836 760 890 816 per
918 740 1128 800 verecundiam
1157 740 1289 815 praeter·

268 833 422 891 miserant.
475 831 520 889 ait
551 848 622 908 ergo
655 846 715 888 ceu
746 830 828 889 cobis
851 823 922 903 'repe
948 829 1059 889 Latino
1089 830 1189 888 diuitis
1217 828 1290 887 uber

269 922 336 996 agri
355 921 496 979 Troiaeue
513 920 663 991 opulentia
681 918 785 977 ceos:
806 937 868 993 me,
886 920 999 996 inquit,
1017 918 1127 978 Latino
1145 919 1290 994 regnante

238 1011 346 1070 anihil
375 1009 460 1070 vobis
490 1008 600 1082 deerit,
625 1008 659 1065 in
686 1009 808 1066 tantum
833 1008 869 1067 ut
892 1007 1079 1067 arbitremini
1100 1026 1136 1066 ex
1158 1006 1290 1065 Troiana

270 1100 425 1177 opulentia
449 1098 526 1157 nibil
549 1115 602 1157 vos
627 1097 750 1156 fortuna
773 1098 924 1157 saeviente
946 1097 1121 1174 perdidisse.
1166 1096 1290 1171 pulchre

270 1188 381 1249 adiecit
409 1206 456 1247 me
485 1188 643 1264 regnante,
673 1186 820 1262 quoniam
848 1186 1011 1264 longaevus
1038 1186 1098 1245 fuit
1125 1193 1156 1245 et
1177 1203 1291 1244 memor

270 1298 333 1339 esse
362 1278 467 1337 debuit
492 1276 641 1334 humanae
669 1275 865 1349 condicionis,
890 1277 939 1334 cui
961 1293 1062 1336 omnes
1085 1277 1199 1334 aetates
1222 1273 1290 1333 sub-

269 1370 366 1427 iectae
384 1367 457 1427 sunt
475 1367 505 1423 et
522 1363 650 1423 maxime
669 1384 772 1423 eorum
787 1366 842 1441 qui
854 1364 916 1424 iam
930 1409 1115 1427 .........
1129 1366 1193 1437 ipse
1205 1364 1291 1422 modo

226 1473 253 1513 io
270 1456 402 1524 Aeaeus,
430 1454 524 1512 uestri
550 1453 577 1511 si
604 1457 688 1513 touta
711 1454 829 1527 cepido,
853 1455 880 1512 st
902 1454 987 1528 iungi
1007 1454 1131 1528 bospitio
1149 1456 1292 1527 properat

270 1546 402 1605 comuste
423 1543 536 1611 uocari,
556 1543 695 1603 advectet
715 1541 832 1619 [cultus
854 1560 925 1601 nece
948 1544 1129 1602 euboeae
1151 1540 1353 1617 amireos-aee

271 1636 336 1710 ipse
367 1650 484 1708 quoque
513 1631 616 1691 veniat
643 1652 696 1691 rex
722 1635 835 1706 vester,
861 1632 888 1691 si
917 1631 1082 1692 amicitiam
1104 1634 1237 1691 nostram
1261 1633 1293 1689 et

272 1721 447 1782 societatem
477 1720 627 1781 desiderat
658 1721 788 1781 libenter
819 1722 972 1798 amplecti,
1004 1722 1062 1781 etsi
1092 1722 1172 1780 inter
1202 1720 1292 1779 initia

271 1810 373 1872 venire
396 1809 555 1885 dubitarit3
578 1811 654 1869 nibil
676 1810 713 1869 de
734 1812 870 1869 novitate
887 1828 1080 1887 praesumens
1098 1810 1203 1869 vultus
1221 1827 1291 1868 suos

227 1917 253 1957 is
272 1919 332 1959 non
362 1901 487 1978 deneget
515 1899 616 1975 nobis,
644 1900 787 1976 quoniam
814 1918 850 1959 ex
871 1899 1024 1976 praesenti
1045 1902 1179 1975 tempore
1203 1899 1292 1958 amici

272 2008 334 2050 esse
357 1991 420 2050 iam
442 1989 602 2066 coepimus.
642 2007 720 2063 pars
741 1989 816 2047 miti
831 1991 920 2063 pacis
943 1992 997 2049 erit
1017 1990 1151 2048 deutrum
1168 1988 1292 2062 tetigisse

272 2081 406 2155 tyranni:
441 2079 536 2138 donee
567 2079 665 2137 maior
696 2078 824 2137 foederis
856 2078 977 2139 accedat
1006 2079 1183 2152 auctoritaS,
1213 2096 1291 2153 quae

271 2190 376 2248 pacem
412 2167 618 2246 plenissimam
651 2167 762 2243 firmet,
795 2188 855 2228 non
886 2169 1093 2246 perhorrescat
1124 2166 1222 2227 amici·
1245 2167 1293 2227 sui

272 2262 477 2337 conspectum,
509 2258 683 2334 auspicetur
714 2257 905 2318 dexterarum
937 2259 1143 2320 coniunctione
1173 2275 1293 2316 concor·

226 2365 254 2403 ro
272 2349 366 2423 diam,
396 2349 470 2424 quia
499 2366 569 2424 pars
598 2347 681 2423 pacis
711 2349 758 2407 est
787 2347 915 2406 dexteris
937 2348 1059 2407 interim
1080 2346 1202 2406 foedera
1224 2364 1292 2405 con-

272 2438 396 2498 venisse.
454 2440 653 2514 tyrannorum
688 2455 796 2495 nomen
832 2437 1048 2512 posterioribus
1087 2435 1213 2496 saeculis
1248 2437 1293 2494 in·

273 2527 420 2586 famatum
449 2528 508 2601 est,
537 2545 609 2585 nam
636 2543 722 2603 reges
752 2526 845 2584 etiam
871 2527 928 2584 hoc
954 2527 1075 2584 nomine
1102 2524 1293 2599 dicebantur,

273 2633 344 2672 nam
373 2617 404 2674 et
433 2614 468 2674 de
495 2614 693 2693 Pygmalione
722 2615 764 2673 sic
792 2614 870 2674 dixit
896 2607 943 2697 (1,
958 2607 1037 2696 361)
1077 2613 1208 2690 „quibus
1239 2615 1294 2673 ant

274 2702 376 2763 odium
407 2703 525 2763 crudele
557 2704 681 2780 tyranni
713 2705 768 2763 aut
798 2706 896 2763 metus
926 2723 995 2764 acer
1024 2702 1115 2763 erat.“
1166 2720 1233 2762 ecce
1263 2704 1293 2760 et

226 2809 255 2849 se
272 2793 362 2851 illum
383 2794 546 2867 tyrannum
568 2793 658 2865 dixit,
681 2811 771 2867 quem
794 2792 951 2853 constabat
972 2813 1074 2871 regem
1097 2792 1189 2851 fuisse
1213 2789 1294 2866 apud

274 2883 396 2958 Tyrum.
445 2898 495 2939 uos
524 2885 625 2941 contra
651 2882 714 2955 regi
743 2897 809 2940 meu
834 2899 915 2940 nuuc
940 2884 1084 2942 mandata
1105 2882 1224 2953 referte:
1259 2881 1294 2937 ut

273 2971 389 3030 dictum
418 2987 510 3046 supra
539 2973 597 3045 est,
629 2972 660 3029 et
689 2975 853 3046 tyrannum
882 2970 960 3031 dixit
985 2970 1108 3031 Aenean
1136 2972 1168 3029 et
1192 2988 1294 3046 regem

272 3079 355 3120 more
385 3059 500 3119 scilicet
528 3062 662 3119 veterum
692 3060 745 3134 qui
773 3078 858 3137 reges
887 3059 980 3120 etiam
1008 3063 1153 3137 tyrannos
1180 3059 1293 3119 vocita-

273 3151 355 3209 bant.
402 3148 502 3207 omnia
531 3151 631 3207 autem
661 3148 860 3225 respondendi
889 3150 989 3209 studio
1020 3168 1089 3208 cum
1117 3149 1295 3225 protulisset

346 3308 360 3356 1
371 3299 578 3370 postulatumV
592 3307 653 3356 -tue
666 3300 710 3356 ed.
754 3307 772 3354 4
785 3299 906 3356 decritV
919 3301 991 3356 decit
1003 3301 1119 3370 plurimi
1132 3299 1216 3370 Verg.
1226 3300 1294 3355 libri

274 3379 290 3427 5
309 3379 341 3427 ut
358 3372 384 3427 V
402 3379 434 3427 ut
451 3378 502 3427 aut
519 3373 562 3427 ed.
636 3377 652 3426 9
671 3374 804 3426 et—iam
825 3389 877 3426 om.
898 3372 942 3428 ed.
960 3375 1026 3442 post
1043 3374 1101 3428 iam
1119 3373 1228 3441 aliquid
1247 3389 1293 3427 ex-

274 3444 376 3498 cidisse
402 3445 495 3513 patet,
519 3443 573 3499 etsi
595 3443 674 3497 nulla
696 3443 798 3498 lacuna
821 3446 864 3499 est
886 3443 917 3497 in
935 3443 969 3512 V,
992 3461 1067 3499 acces
1084 3451 1150 3499 astat
1167 3444 1294 3513 suspicor

274 3515 309 3569 cf.
329 3515 431 3585 epilog.
446 3516 484 3569 in.
534 3520 567 3569 10
586 3516 686 3584 cupido
701 3513 726 3568 V
743 3517 777 3569 ut
795 3514 881 3570 schol.
896 3515 998 3570 Veron.
1018 3515 1055 3569 ad
1074 3520 1100 3581 9,
1114 3521 1175 3582 360,
1194 3516 1294 3584 cepido

274 3593 314 3642 eet
331 3587 374 3641 ed.
394 3589 423 3640 et
436 3587 521 3657 Verg.
536 3585 603 3640 libri
621 3602 724 3641 omnes.
746 3587 750 3659 l
771 3588 892 3656 cuspite
907 3586 939 3642 V.
1005 3594 1037 3641 11
1051 3588 1295 3642 cubus—amicos

274 3658 354 3712 deest
371 3658 402 3712 in
420 3656 454 3725 V,
474 3659 523 3712 sed
547 3657 713 3726 explicatur.
774 3664 809 3712 14
827 3657 994 3714 dubitarcV
1013 3665 1070 3714 -ret
1083 3657 1126 3712 ed.
1144 3659 1200 3713 -cs't
1211 3675 1270 3712 nos.
1288 3657 1297 3727 l

272 3731 365 3784 rudus
391 3746 455 3784 suos
480 3730 505 3784 V
532 3731 639 3785 cultura
665 3746 746 3784 auum
774 3730 818 3784 ed.
893 3735 926 3783 19
954 3731 1150 3786 coniunctione
1177 3745 1239 3782 om.
1260 3727 1313 3780 ab.

274 3806 309 3854 20
323 3800 449 3856 deneas
461 3799 607 3857 iuterimV
621 3801 747 3856 dromas
766 3801 840 3858 iuter
858 3801 903 3858 ed.
923 3803 1048 3861 Meis
1065 3803 1189 3859 interim
1208 3813 1270 3852 nos
1286 3811 1332 3846 m

274 3873 402 3927 demnas
416 3873 525 3928 interim
541 3874 591 3928 etz?
645 3878 678 3928 28
698 3875 835 3933 uocabant
856 3877 901 3934 ed.
