3142 4375
661 486 912 543 scrumosum
1254 490 1296 556 51

277 653 366 731 [eata
388 656 465 714 e'derrr
489 656 595 715 Vereere'
612 660 722 730 partas
744 654 836 731 sace]
858 660 885 715 et
905 656 996 715 Pare's
1019 656 1093 714 alter
1109 657 1298 729 funestaeque

277 745 383 803 iterem
408 744 539 804 rea'de'aa
565 746 599 803 e'a
625 745 774 818 Peraama
803 746 920 804 taedae:
950 744 1095 804 indicium
1127 765 1162 803 ex
1189 744 1297 805 Paride

277 837 401 909 captum
428 836 475 894 est
502 837 576 893 tunc
603 833 700 910 magis
728 835 825 910 perire
852 834 1012 908 TroianoS‚
1042 852 1109 893 cum
1139 837 1298 893 nectuntur

276 922 434 982 uxoribus:
458 921 568 982 Cisseis
595 923 714 999 peperit
739 922 893 998 Paridem,
917 922 968 982 sed
992 923 1081 1005 istius
1104 923 1297 984 nativitatem

243 1015 502 1088 spraecesserant
524 1011 653 1086 somnia,
675 1030 752 1088 quae
775 1031 836 1071 non
859 1015 995 1071 exortum
1017 1012 1159 1088 hominis,
1187 1012 1239 1071 sed
1262 1033 1298 1072 ex

276 1101 422 1161 incendiis
445 1102 583 1161 futurum
606 1099 762 1160 interitum
789 1102 973 1161 nuntiarent.
1018 1100 1052 1159 in
1078 1102 1135 1161 hoc
1162 1102 1296 1178 exemplo

277 1190 318 1250 sit
340 1193 371 1249 et
392 1189 519 1250 Veneris
541 1190 659 1265 partus,
681 1192 717 1249 ut
738 1209 895 1250 renascens
915 1190 1005 1250 Troia
1029 1192 1098 1249 ante
1116 1190 1197 1266 ipsae
1222 1210 1296 1266 quas

276 1282 461 1356 praeparant
483 1278 605 1354 nuptias
633 1281 834 1339 consumatur.
876 1298 942 1339 ecce
965 1283 996 1339 ct
1017 1279 1066 1338 hie
1088 1282 1201 1339 tractat
1223 1279 1297 1339 Ver-

276 1368 369 1447 gilius
392 1386 457 1427 esse
480 1367 602 1443 quidem
619 1368 730 1443 fatum,
753 1369 848 1447 quod,
870 1368 943 1428 licet
960 1370 1097 1444 superari
1114 1388 1174 1428 non
1192 1370 1297 1445 possit,

228 1475 257 1515 ro
276 1458 379 1517 valeat
398 1460 501 1515 temen
519 1456 621 1534 aliquo
638 1456 843 1534 inpedimento
861 1458 990 1532 turbari,
1014 1476 1073 1516 uon
1092 1466 1193 1517 autem
1211 1478 1296 1534 prae·

235 1558 238 1564 '
276 1546 370 1620 verti,
396 1546 486 1604 licere
514 1546 542 1604 ei
568 1546 623 1621 qui
649 1546 836 1606 currentibus
864 1547 993 1607 feliciter
1019 1546 1090 1606 fatis
1119 1546 1225 1607 obvius
1252 1549 1296 1606 ire

278 1633 417 1693 valuerit.

350 1723 435 1782 Haec
456 1724 507 1783 abt
529 1724 607 1783 dieta
630 1723 721 1793 dedit,
746 1729 842 1783 terras
863 1725 1011 1783 terrenda
1031 1725 1149 1798 petivit:
1175 1725 1296 1784 horren·

279 1812 350 1871 dam
376 1811 451 1871 dixit
482 1832 517 1872 ex
548 1831 641 1873 causa
670 1813 802 1891 ingentis
833 1813 1007 1872 iracundiae
1040 1814 1296 1873 vehementissime

232 1917 259 1957 rs
279 1904 469 1977 commotam,
504 1901 538 1961 iu
568 1904 690 1961 tantum
722 1905 757 1961 ut
794 1903 929 1979 quisquis
966 1922 1032 1961 eam
1069 1905 1202 1961 cerneret
1233 1905 1297 1962 sine

277 1991 398 2049 horrore
417 2008 480 2052 esse
498 2010 559 2051 non
577 1994 692 2069 posset3
709 2010 821 2069 magna
844 1993 923 2051 enim
942 1992 987 2051 vis
1010 1994 1056 2051 est
1074 2011 1176 2051 eorum
1195 1992 1296 2069 quiin

276 2096 394 2139 summa
415 2082 568 2155 potestate
590 2080 684 2156 positi
706 2084 939 2140 commoventur.
985 2080 1107 2139 dimisso
1131 2100 1201 2159 ergo
1230 2100 1296 2140 aere

276 2188 337 2246 quo
364 2169 530 2230 vehebatur
552 2168 637 2230 venit
658 2169 696 2229 ad
718 2172 839 2229 terram.
885 2171 1042 2242 laetificam
1066 2168 1190 2240 Allecto,
1219 2191 1296 2248 quae

274 2258 352 2317 nihil
375 2259 458 2318 aliud
481 2262 601 2335 praeter
622 2259 722 2319 luctus
740 2263 843 2319 nosset
860 2260 976 2319 efficere
995 2263 1049 2318 aut
1067 2278 1144 2336 quae
1164 2261 1297 2320 facerent

230 2348 387 2422 saluatus,
418 2349 555 2407 dr'rareaae
577 2349 615 2407 ab
638 2349 704 2407 sede
727 2349 851 2408 dearara
872 2350 1054 2423 infernisque
1081 2351 1134 2408 ee'et
1163 2351 1358 2419 tenebrata

276 2437 324 2495 cari
346 2438 444 2496 tristia
466 2437 542 2497 bella
564 2438 684 2510 iraeque
706 2438 888 2510 insidiaeque
907 2443 933 2496 et
955 2439 1081 2496 erlrae‘aa
1098 2439 1189 2497 acaia
1208 2439 1295 2497 eorde'.

276 2526 336 2584 aaa
354 2530 380 2584 et
397 2527 460 2600 ipse
472 2530 562 2600 pater
574 2526 691 2596 Platea,
710 2528 795 2585 cdere
813 2545 926 2586 soreres
946 2528 1107 2585 Tartareae
1124 2532 1295 2596 monstram,

276 2618 316 2673 tet
337 2631 399 2673 sese
421 2616 506 2673 eertr't
527 2615 561 2673 r'a
583 2633 650 2683 ara,
675 2619 735 2674 tam
757 2633 864 2674 saevae
885 2617 990 2689 factes,
1015 2619 1053 2673 tol
1075 2616 1207 2689 pullulat
1229 2621 1296 2675 atra

275 2704 417 2763 cedebas:
449 2707 565 2780 quanta
595 2704 744 2782 congessit
773 2705 883 2779 quibus
915 2705 1084 2764 ostenderet
1116 2704 1296 2780 exquisitum

226 2808 256 2851 as
274 2793 391 2852 malum
413 2796 444 2852 et
467 2813 527 2868 quo
554 2795 641 2868 peius
669 2812 729 2851 nou
753 2796 831 2853 esset
854 2793 911 2852 sibi
938 2793 1083 2853 Iunonem
1111 2793 1295 2852 adhibuisse!

275 2885 306 2941 et
319 2900 425 2942 revera
443 2881 503 2942 nisi
520 2882 590 2943 talis
611 2882 800 2942 voluntatem
818 2884 946 2942 dolentis
968 2882 1083 2959 inplere
1105 2901 1164 2940 non
1187 2885 1295 2957 posset.

275 2975 307 3030 et
328 2971 399 3031 licet
422 2971 556 3030 sufficere
580 2972 701 3030 deberet
728 2971 809 3047 quod
836 2973 998 3030 luctificam
1027 2971 1104 3029 dixit
1131 2972 1161 3027 ct
1187 2991 1222 3028 ex
1244 2970 1296 3028 Di-

274 3077 378 3119 rarum
410 3063 496 3118 coetu
530 3063 621 3136 atque
654 3061 691 3119 ab
724 3061 799 3137 ipsis
830 3061 961 3120 tenebris
994 3064 1161 3133 evocatam,
1196 3062 1296 3118 tamen

275 3147 394 3209 addidit
413 3149 474 3208 alia
492 3148 600 3223 quibus
620 3153 723 3226 aptam
742 3150 863 3228 negotio
878 3150 1105 3209 demonstraret.
1133 3150 1183 3208 cui
1196 3150 1297 3208 tristia

349 3378 363 3426 1
384 3373 569 3441 qaia-saar
587 3371 666 3424 deest
684 3372 714 3424 in
732 3370 766 3437 V,
787 3372 836 3425 sed
856 3371 1018 3439 explicetur.
1085 3377 1102 3424 4
1121 3372 1254 3425 ascribas
1271 3369 1297 3422 V

274 3461 302 3498 a.
319 3444 481 3512 ale'ereiaerre‘s
500 3443 543 3497 ed.
618 3444 773 3511 sexemplo
791 3442 817 3495 V
838 3450 955 3497 extremo
974 3443 1017 3496 ed.
1091 3448 1297 3496 8corrsararaa-

274 3522 323 3571 terr
340 3513 374 3567 V.
449 3519 577 3583 9posset
595 3513 620 3567 V
639 3514 682 3567 ed.
757 3519 791 3567 10
813 3517 879 3582 post
901 3521 991 3568 aeterra
1010 3511 1127 3566 verbum
1148 3529 1200 3581 per
1223 3529 1297 3566 eom-

274 3585 425 3656 peudium‚
448 3588 481 3639 ut
503 3585 627 3650 videaur,
652 3587 680 3639 et
703 3583 801 3654 ligatis
820 3584 924 3639 litteris
943 3585 1079 3653 seriptum
1096 3583 1184 3637 habet
1199 3582 1225 3635 V
1244 3599 1296 3653 ego

269 3656 516 3728 praeveniendo,
527 3656 668 3726 prohiberi
682 3655 725 3709 ed.
740 3656 816 3724 quod
830 3656 908 3710 nullo
922 3655 1005 3710 modo
1019 3658 1114 3724 potest
1129 3656 1298 3723 extorqueri.

275 3735 311 3782 12
329 3729 446 3783 coluerit
466 3729 509 3784 ed.
584 3732 616 3781 19
640 3727 742 3794 faceret
764 3728 807 3781 ed.
881 3732 915 3780 20
934 3728 1051 3782 dearara
1066 3726 1092 3780 V
1116 3743 1248 3782 eororam
1266 3726 1317 3777 ed.

274 3805 310 3854 aa
330 3801 464 3854 aenaeae
477 3798 511 3854 V.
560 3804 594 3853 ae
609 3805 672 3854 arra
686 3797 709 3851 v
725 3815 776 3856 ora
790 3798 835 3855 od.
882 3805 920 3856 ae
934 3799 1075 3873 qaaass
1099 3795 1240 3854 cruos
1259 3790 1340 3855 aad

274 3871 461 3938 reccaredum
481 3870 510 3925 V.
585 3876 619 3926 29
637 3871 720 3929 adea
739 3873 782 3930 cd,
817 3873 822 3949 l
852 3882 951 3934 artam
967 3874 995 3931 V
1018 3880 1126 3946 aptam
1146 3870 1197 3926 ed.

1152 3977 1189 4032 4*
