3142 4375
658 466 843 523 mosmos
857 466 910 520 vn
1254 470 1294 534 17

274 636 414 716 portendi
442 638 625 715 populorum
653 639 799 713 stragem,
828 637 926 712 ipsam
954 637 1056 695 tamen
1082 634 1217 694 futuram
1243 655 1296 711 po-

258 727 389 787 tiorem.
435 746 496 787 non
519 726 615 805 igitur
637 724 716 786 vatis
738 743 882 800 responso
905 726 1061 783 contentus
1085 724 1178 783 etiam
1199 723 1298 783 Fauni

274 816 455 877 saturitate
486 817 595 875 certior
626 815 725 875 voluit
754 813 846 873 reddi.
901 813 1022 873 Faunus
1055 814 1180 890 quippe,
1216 813 1296 889 quod

274 906 417 966 fatidicus
444 908 522 965 esset
549 908 580 964 et
604 906 704 981 pater,
726 902 886 963 ridebatur
907 920 994 979 posse
1016 903 1164 962 instruere
1187 904 1297 962 certius

243 996 370 1055 afilium
393 994 508 1071 duplici
530 1012 604 1053 cura
626 1005 819 1068 suspensum3
843 991 896 1069 qui
919 991 998 1051 enim
1019 993 1106 1051 iuxta
1129 1000 1242 1051 ceteros
1264 991 1297 1051 in

273 1083 479 1161 respondendo
509 1082 607 1143 facilis
637 1082 696 1140 fait
724 1080 931 1159 benigniorem
953 1099 985 1139 se
1007 1080 1039 1138 in
1062 1098 1184 1140 suorum
1207 1099 1298 1140 causa

274 1173 481 1251 praebiturum
500 1171 634 1230 dubitari
651 1190 711 1230 non
729 1173 858 1247 potarat.
890 1170 975 1245 adiit,
988 1170 1097 1245 inquit,
1111 1190 1164 1229 rex
1181 1171 1298 1247 patrios
1374 1169 1377 1174 ’

274 1263 370 1337 lucos,
397 1263 454 1322 hoc
479 1264 525 1320 est
547 1262 580 1319 in
603 1260 712 1336 quibus
734 1259 788 1318 ille
810 1258 966 1318 colebatur
988 1262 1019 1317 et
1041 1258 1134 1318 dabat
1155 1277 1299 1336 responsa

274 1350 507 1428 postulantibus.
552 1349 585 1407 hi
611 1350 672 1408 luci
699 1349 823 1407 fuerunt
852 1348 907 1407 sub
937 1348 1002 1407 alta
1031 1347 1121 1424 silva,
1149 1367 1227 1425 quae
1254 1348 1298 1407 di-

230 1461 258 1500 ro
275 1444 391 1500 caretur
408 1439 559 1513 Albunea3
581 1438 645 1497 illic
664 1438 849 1497 lucratione
867 1436 927 1496 loci
944 1437 1117 1497 numinibus
1136 1457 1227 1512 sacer,
1246 1437 1298 1497 sed

276 1530 327 1606 qui
347 1528 500 1587 exhalaret
517 1527 674 1604 mephitim
688 1546 810 1588 saevam
827 1527 860 1585 id
877 1529 923 1586 est
941 1527 1062 1586 odorem
1076 1527 1296 1605 gravissimum.

275 1618 344 1677 binc
379 1616 477 1675 Italae
514 1621 612 1691 qentes
648 1617 799 1691 numisque
836 1614 975 1675 Oenotria
1011 1615 1096 1674 tellus
1131 1616 1164 1673 in
1200 1616 1298 1675 dubiis
1317 1626 1351 1675 85

276 1722 418 1779 responsa
440 1710 557 1779 odunt:
594 1725 655 1765 non
677 1705 767 1766 tellus
791 1704 914 1781 petebat
935 1722 1092 1781 responsa,
1116 1704 1168 1765 sed
1192 1704 1244 1780 qui
1266 1704 1298 1762 in

277 1814 313 1854 ea
335 1795 603 1855 commorabantur.
643 1795 675 1854 in
699 1794 798 1855 dubiis
821 1793 897 1852 dixit
918 1793 951 1851 in
974 1792 1083 1871 quibus
1105 1793 1212 1852 incerti
1235 1812 1298 1853 esse

233 1903 257 1943 u
276 1884 455 1945 viderentur.
490 1885 547 1944 bue
564 1885 643 1944 dona
661 1884 799 1943 sacerdos
817 1884 967 1942 cuntulit
985 1887 1011 1941 ct
1028 1900 1183 1941 caesarum
1201 1884 1299 1941 ocinrn

275 1976 329 2034 sub
351 1978 432 2033 nocte
454 1974 552 2033 silenti
570 1974 698 2047 pedibus
720 1973 853 2031 incubuit
872 1973 974 2032 stratis
996 1988 1168 2045 somnosque
1185 1972 1298 2045 petiuit,

274 2064 369 2122 muita
398 2063 494 2122 modis
525 2063 687 2122 uraniucra
718 2062 797 2120 uidet
832 2062 986 2120 volitantia
1022 2062 1108 2120 miris
1140 2065 1167 2118 et
1196 2062 1299 2119 uarias
1318 2071 1352 2120 90

276 2153 360 2212 audit
385 2168 468 2212 cocu
494 2152 661 2225 fruiturque
688 2151 809 2211 deorun
831 2151 980 2224 unlequio
1008 2154 1094 2224 aune
1116 2151 1184 2209 irnis
1206 2148 1298 2209 Aube-

274 2246 361 2301 ronta
385 2241 509 2314 adfatur
531 2240 674 2300 Auernis:
709 2259 823 2299 morem
846 2241 922 2298 dixit
943 2241 1026 2300 illius
1048 2241 1120 2299 loci:
1143 2241 1229 2314 dum,
1254 2239 1299 2297 in·

231 2347 258 2388 ro
276 2331 355 2408 quit,
378 2348 522 2406 responsa
544 2332 723 2407 poscuntur,
746 2329 831 2389 venit
852 2331 990 2388 sacerdos
1009 2328 1047 2388 ad
1065 2329 1182 2403 lucum,
1201 2328 1301 2387 adfert

276 2420 368 2495 dona,
395 2418 522 2496 pecudes
550 2422 664 2478 mactat
692 2421 722 2477 et
749 2438 851 2477 earum
875 2418 979 2478 stratis
1001 2418 1131 2494 pellibus
1153 2417 1301 2477 incumbit

276 2508 379 2586 ibique
414 2508 564 2568 dormiens
603 2509 709 2567 futura
745 2507 877 2568 somniat
913 2511 944 2567 et
979 2510 1107 2566 ventura
1147 2507 1301 2584 cognoscit

277 2600 455 2674 tantumque
488 2598 550 2656 alto
582 2597 730 2674 premitur
761 2615 878 2672 somno,
908 2601 945 2656 ut
974 2595 1012 2654 ad
1041 2596 1139 2656 instar
1167 2595 1301 2654 defuncti

277 2686 405 2746 hominis
435 2689 534 2747 iacens
562 2706 630 2746 cum
652 2686 726 2763 ipsis
756 2686 860 2745 inferis
891 2688 921 2745 et
948 2704 1016 2745 cum
1042 2687 1109 2762 ipso
1132 2685 1301 2744 Acheronte

233 2791 259 2831 rs
279 2774 337 2834 sibi
365 2774 525 2836 arbitretur
551 2795 614 2836 esse
643 2775 845 2852 conloquium.
892 2774 1050 2834 auditurus
1074 2775 1155 2833 enim
1178 2774 1247 2832 deos
1271 2776 1302 2832 et

278 2864 396 2923 fabulas
420 2883 487 2923 oum
509 2865 682 2924 numinibus
704 2865 865 2924 habiturus
887 2865 1051 2924 humanum
1075 2881 1194 2922 sensum
1213 2862 1301 2921 debet

279 2952 453 3012 dormiendo
479 2956 601 3014 nescire.
645 2956 692 3013 bic
715 2958 740 3013 et
763 2957 825 3012 turn
845 2957 931 3025 que
952 2955 1015 3026 ipsc
1036 2956 1137 3026 petens
1159 2968 1301 3025 responsa

278 3042 409 3101 Latinus
441 3047 553 3101 centum
589 3045 739 3118 ianiqerus
773 3043 922 3101 mactabat
959 3043 1015 3100 rite
1059 3041 1183 3100 bidentis
1216 3045 1302 3113 atqru

278 3132 385 3190 barum
413 3131 530 3202 effultus
557 3137 633 3207 terqo
660 3133 817 3204 stratisque
843 3131 956 3190 iacebrd
981 3130 1152 3189 velleribus:
1195 3129 1245 3189 hic
1271 3133 1302 3189 et

233 3236 261 3275 ao
278 3222 343 3278 tum
366 3220 480 3294 inquit,
502 3219 558 3279 hoc
581 3223 626 3280 est
647 3222 704 3280 hoc
726 3221 793 3279 loco
816 3222 907 3294 atque
930 3218 996 3295 ipso
1019 3221 1153 3295 tempore
1172 3237 1232 3295 quo
1254 3221 1302 3277 tot

279 3312 413 3368 monstra
441 3308 602 3369 extiterant
628 3310 659 3367 in
688 3327 779 3368 causa
800 3309 888 3367 filiae.
933 3310 1021 3385 pater
1042 3308 1107 3384 ipse
1129 3310 1233 3383 petens
1256 3327 1301 3366 re·

279 3416 389 3474 sponsa
418 3396 559 3457 Latinus:
590 3397 654 3474 ipse
684 3402 771 3474 pater
799 3397 932 3475 perrexit
959 3397 998 3456 ad
1026 3399 1155 3474 petenda
1177 3397 1225 3456 vel
1254 3417 1301 3456 ac·

307 3589 312 3598 ·
351 3570 435 3638 oqui
448 3585 510 3623 cum
524 3568 567 3622 ed.
619 3567 797 3623 9dicebatur
811 3567 854 3621 ed.
902 3572 935 3621 10
954 3569 1007 3623 ioci
1020 3568 1177 3622 nominibus
1192 3584 1258 3637 aper
1266 3566 1300 3620 V.

281 3645 314 3693 15
333 3641 452 3696 autulii
465 3639 498 3695 V.
558 3644 591 3692 19
611 3639 663 3694 loci
680 3642 817 3706 utsupra
831 3638 857 3692 V
876 3640 932 3694 luci
948 3642 1069 3707 utroque
1087 3638 1149 3692 loco
1168 3638 1211 3691 ed.
1234 3638 1237 3710 l
1257 3640 1301 3692 in-

279 3710 384 3780 quitV
408 3712 482 3767 dicit
506 3711 550 3767 ed.
632 3716 664 3764 21
692 3717 795 3766 mactat
816 3709 843 3763 V
867 3711 957 3765 caedit
982 3710 1026 3764 od.
1061 3709 1066 3781 l
1102 3711 1235 3764 incubuit
1261 3709 1313 3758 ab.

281 3788 314 3837 22
333 3790 471 3852 coqnouet
484 3783 517 3838 V.
592 3787 625 3836 23
644 3783 751 3852 citoque
764 3780 791 3834 V
809 3782 867 3838 aito
885 3781 932 3838 ed.
1005 3787 1045 3837 ‘ab
1064 3782 1261 3836 arbitraretur
1281 3773 1336 3823 aa.

281 3869 350 3907 corr.
370 3853 413 3908 ed.
430 3857 502 3922 post.
513 3881 542 3900 =
550 3853 584 3910 V.
658 3860 692 3912 26
711 3855 877 3914 norniuibus
888 3855 929 3914 V.

324 3960 382 4000 Dcn.
391 3961 486 4011 interpr.
498 3965 565 4016 Vsrg.
581 3967 627 4009 vol.
639 3969 672 4010 11.
1176 3957 1202 4003 ἢ·
