3142 4375
652 494 837 551 Annamos
850 494 903 549 VII
1242 498 1287 562 45

269 668 424 726 externum
446 664 544 723 virum
567 663 669 723 deberi
686 663 839 724 Lauiniae.
875 662 978 739 potuit
994 664 1074 723 enim
1092 663 1210 725 Aeneas
1227 683 1288 724 non

268 755 364 815 videri
387 756 538 828 externus,
557 754 701 830 quoniam
725 772 779 829 per
796 752 986 828 Dardanum,
1003 755 1040 811 ut
1058 771 1150 830 supra
1167 772 1289 830 oonpre-

267 846 394 904 hensum
425 846 484 917 est,
512 842 599 902 Italis
631 844 733 903 fuerat
762 843 893 903 iunctus.
941 843 1019 902 hano
1048 842 1144 921 igitur
1173 845 1289 919 partem

266 932 454 1011 intellegitur
483 932 663 992 communire
692 931 793 1007 ipsum
820 931 945 991 dicendo
972 950 1036 992 esse
1059 935 1214 992 externum
1237 932 1290 1007 qui

234 1024 385 1083 eveniret
413 1041 449 1081 ex
479 1021 585 1079 alienis
613 1021 716 1094 terris,
745 1040 807 1080 non
834 1022 888 1097 qui
914 1024 992 1081 esset
1019 1021 1111 1081 etiam
1132 1020 1289 1099 sanguinis

267 1112 385 1173 ratione
423 1112 588 1186 separatus.
644 1109 772 1185 denique
804 1109 848 1169 sio
880 1112 1017 1186 superius
1049 1111 1153 1187 posuit
1188 1111 1290 1186 „huno

267 1203 356 1261 illum
378 1199 450 1259 fatis
474 1201 596 1258 externa
619 1198 656 1257 ab
680 1199 748 1258 sede
771 1199 941 1276 profectum
960 1199 1100 1275 portendi
1117 1198 1291 1278 genemm“,

268 1293 342 1350 item
370 1292 403 1349 in
432 1287 585 1365 praesenti
614 1306 760 1366 „generos
792 1288 920 1349 externis
948 1288 1051 1347 adfore
1075 1288 1113 1348 ab
1137 1286 1229 1364 oris“,
1256 1292 1291 1349 ut

269 1380 384 1440 externi
414 1377 578 1454 appellatio
609 1396 628 1437 a
654 1379 743 1438 terris
772 1378 874 1454 potius
904 1396 996 1453 quam
1024 1379 1145 1437 tramite
1175 1377 1290 1456 generis

223 1488 251 1527 ro
269 1468 410 1530 videatur
432 1468 544 1526 exorta.

342 1557 428 1614 Haeo
454 1556 559 1628 effatae
586 1572 672 1629 equas
698 1573 820 1614 numera
841 1559 931 1631 paler
957 1556 1036 1629 alipii
1057 1558 1152 1628 asaei·
1173 1557 1353 1616 stabamus

270 1652 314 1704 ter
341 1648 455 1703 aealaaa
480 1645 567 1703 adiali
593 1646 625 1703 ia
648 1646 844 1719 praesepibus
867 1645 950 1705 allis:
985 1664 1021 1703 ex
1042 1647 1183 1705 trecentis
1207 1646 1291 1722 equis

271 1733 408 1793 meliores
440 1732 534 1812 deligi
563 1734 660 1794 iussit.
719 1736 854 1793 mandas
886 1734 1025 1808 extemplo
1057 1735 1179 1794 Teucris
1214 1736 1294 1794 labet

271 1824 373 1882 ardiae
399 1824 482 1882 daei:
517 1842 618 1883 omnes
646 1823 727 1888 enim
754 1825 869 1900 equites
896 1842 1028 1884 remeare
1053 1823 1232 1898 debuerunt,
1255 1843 1291 1881 ne

225 1929 253 1970 rs
272 1912 340 1988 quis
358 1916 525 1972 remaneret
542 1913 673 1988 inferior3
691 1914 724 1972 in
743 1913 878 1972 ordinem
895 1913 980 1987 dixit,
999 1933 1036 1973 ne
1054 1932 1143 1989 quem
1161 1915 1293 1990 praeter·

270 2002 328 2061 iret
350 2003 430 2080 regis
452 2001 689 2061 honorificentia.
730 2002 871 2061 instratos
892 2006 983 2061 ostro:
1005 2004 1166 2081 purpureis
1189 2002 1292 2063 stratis

271 2094 401 2151 ornatos.
456 2091 600 2164 alipedes:
630 2092 751 2150 tantum
778 2090 908 2166 veloces,
939 2094 988 2165 ut,
1017 2111 1087 2151 aum
1114 2093 1294 2152 currendum

270 2182 317 2242 his
340 2183 431 2256 esset,
455 2181 518 2240 alas
541 2179 650 2240 habere
671 2181 860 2256 putarentur.
891 2181 1036 2255 pictisque
1053 2183 1172 2256 tapetes:
1194 2182 1293 2260 iungi·

269 2274 321 2330 tur
351 2273 496 2330 instratos
528 2273 610 2329 ostro
642 2271 791 2346 pictisque
822 2270 942 2347 tapetis.
1002 2289 1096 2330 aurea
1127 2274 1293 2345 pectoribus

224 2377 253 2416 ao
271 2360 399 2420 demissa
420 2360 545 2418 masilia
567 2359 708 2433 pendeat:
744 2358 783 2418 ad
810 2358 1036 2418 similitudinem
1058 2361 1219 2421 mulierum
1240 2361 1294 2420 ha·

271 2448 375 2508 bentes
402 2449 541 2522 monilia,
573 2466 612 2507 an
640 2467 708 2507 vere
736 2448 813 2508 talia
845 2449 951 2523 qualia
979 2453 1134 2508 matronae
1161 2449 1294 2510 habent?

272 2539 350 2614 regis
380 2539 460 2595 enim
489 2536 676 2596 substantiae
704 2536 785 2612 quod
815 2538 900 2613 equis
927 2539 1084 2614 inponeret
1111 2539 1211 2598 deesse
1234 2558 1294 2598 non

272 2626 382 2703 potuit.
427 2627 491 2685 teeti
518 2642 592 2684 aueo
619 2626 736 2698 falsam
761 2627 909 2685 mandabi
934 2629 989 2687 sab
1014 2628 1149 2686 dealitas
1172 2646 1295 2686 aaraaa:

273 2716 299 2774 si
322 2733 428 2774 aurum
452 2733 502 2774 eos
525 2716 641 2774 texerat
664 2717 754 2790 atque
778 2717 878 2776 aureis
901 2716 1080 2776 salivaribus
1106 2716 1295 2791 tenebantur,

226 2820 254 2861 aa
273 2807 304 2863 et
330 2801 455 2860 monilia
482 2823 554 2862 vera
581 2802 720 2862 debemus
749 2805 890 2880 aooipere.
937 2805 1049 2864 mirum
1074 2805 1295 2866 benivolentiae

273 2892 403 2970 signum,
421 2891 502 2966 quod
520 2895 711 2970 suggesserat
727 2894 871 2969 temporis
889 2895 968 2954 ratio
987 2898 1018 2953 et
1034 2895 1177 2953 meritum
1192 2894 1295 2953 Troia-

273 3001 395 3055 norum;
422 2980 475 3055 qui
501 2980 580 3039 enim
607 2981 717 3058 pedum
744 2982 847 3041 labore
870 2985 1069 3058 pervenerant
1091 2983 1129 3042 ab
1149 2984 1294 3065 ‘opulento

273 3090 343 3148 rege
375 3070 507 3146 suseepti
539 3069 578 3128 ad
607 3070 729 3130 Aenean
760 3072 896 3130 flaturum
925 3091 1067 3150 generum
1098 3091 1158 3132 non
1190 3072 1294 3148 quales

272 3161 418 3220 venerant
439 3174 571 3218 remeare
593 3159 767 3220 debuerunt.
805 3161 919 3221 absenti
932 3162 1051 3221 Aeaeae
1069 3179 1189 3220 marian
1206 3161 1357 3236 palai-280

228 3265 255 3305 eo
273 3265 383 3321 easque
404 3248 514 3322 iapalis
536 3250 645 3308 semine
667 3250 705 3309 ab
724 3249 862 3319 aetham
880 3252 1025 3324 spirantis
1042 3251 1168 3310 ababa
1184 3252 1296 3326 ipaaa:

348 3461 507 3510 besternae
525 3453 557 3509 V.
626 3457 784 3524 lsai-b
804 3462 870 3511 esset
892 3473 945 3512 om.
965 3456 1009 3511 ed.
1074 3461 1252 3526 tseparalus
1269 3455 1295 3508 V

275 3533 350 3581 -tum
368 3527 411 3581 ed.
468 3527 631 3595 spatiandi
647 3544 776 3597 peamau
795 3545 848 3583 om.
863 3529 906 3584 ed.
962 3534 995 3582 11
1015 3529 1095 3598 elepe't
1107 3527 1141 3582 V.
1195 3533 1296 3596 repar

275 3598 398 3653 ordinem
416 3597 459 3652 ed.
487 3598 490 3671 l
516 3599 636 3666 aliquem
654 3598 699 3654 ed.
725 3597 728 3671 l
751 3602 927 3668 praessisset
944 3600 988 3654 ed.
1044 3605 1077 3654 16
1098 3601 1216 3655 instrata
1234 3597 1267 3652 V.
1289 3600 1292 3669 l

275 3669 396 3737 alipedes
412 3671 478 3738 post
495 3675 568 3724 ostro
588 3669 719 3738 interpol.
739 3670 783 3725 ed.
854 3677 887 3725 21
907 3677 1041 3727 annueret
1058 3671 1118 3725 alia
1136 3668 1162 3723 V
1180 3688 1220 3725 aa
1236 3687 1301 3723 oeae

275 3740 347 3794 talia
364 3757 414 3794 nos
433 3747 484 3796 aut
500 3758 524 3795 a.
539 3747 559 3795 t.
578 3741 621 3795 ed.
652 3742 655 3813 l
689 3743 791 3798 babeat
808 3759 861 3798 om.
876 3743 920 3798 ed.
984 3749 1022 3798 Ὦ
1041 3743 1119 3814 qsaod
1137 3739 1243 3812 maisi
1270 3737 1322 3789 ed-

276 3827 301 3878 p.
315 3813 392 3878 aquis
409 3828 467 3865 nos.
546 3817 580 3866 24
599 3819 703 3869 lesem
719 3813 890 3884 quaeVed.
909 3823 930 3876 t.
946 3823 1033 3889 atque
1049 3832 1120 3871 nos.
1201 3816 1243 3863 ‘aa
1269 3819 1339 3870 sad·

272 3888 393 3950 posuerat
410 3881 437 3934 V
449 3890 578 3952 supparet
593 3883 624 3939 H
628 3883 685 3941 ΟΠ
702 3888 748 3946 ed.
