3142 4375
533 492 565 518 0
635 470 889 528 nnnnmosvn
1108 433 1111 440 ’
1228 478 1271 543 67

252 644 393 700 iuvenum
415 645 446 700 te
470 640 605 720 exagitat
627 660 699 701 cura
722 643 765 716 et,
789 659 858 701 cnm
880 640 920 700 sis
941 638 1224 719 vates'templisque
1242 645 1273 702 te

251 727 420 814 dedicatam
442 749 505 791 esse
529 730 701 805 conveniat,
723 730 770 790 vis
793 729 868 790 scire
892 729 965 806 quid
985 732 1152 808 pugnaturi
1170 735 1273 809 agant,

250 820 325 895 quid
348 819 459 879 armati
481 818 652 897 disponant.
689 836 761 878 nuo
784 819 837 878 tibi
859 820 962 878 diuam
984 821 1096 894 effipies
1119 826 1146 879 et
1165 822 1272 894 tempto

248 909 340 968 tucri:
370 909 566 985 repetendum
596 910 642 969 est
670 906 729 967 tibi
757 906 903 984 officium,
934 909 1014 984 quod
1040 910 1163 969 meante
1191 910 1272 970 dese·

211 1012 228 1055 n
248 997 352 1074 ruisti,
380 1016 466 1058 serva
491 998 616 1057 deorum
638 996 751 1075 effigies
774 999 806 1057 et
827 999 986 1057 numinum
1007 999 1122 1075 templa
1145 999 1271 1059 custodi.

250 1088 326 1147 bellu
351 1088 411 1146 oiri
433 1103 593 1162 pacemque
613 1090 720 1161 peram,
743 1087 810 1159 quis
833 1087 908 1146 bella
929 1088 1073 1161 peranda:
1103 1087 1155 1147 ille
1183 1087 1272 1149 debat

249 1175 484 1236 sollicitudinem
506 1178 636 1235 tractam
659 1176 742 1252 pacis
765 1194 801 1235 ec
822 1175 896 1235 belli
918 1178 973 1252 qui
995 1176 1138 1236 dimicare
1158 1178 1272 1237 sufficit
1336 1235 1343 1244 ,

249 1268 281 1325 et
303 1284 408 1342 pacem
431 1264 544 1325 virtute
567 1282 740 1341 conponere.

322 1355 447 1414 Talibus
465 1352 576 1412 Allecto
598 1354 682 1413 dieis
704 1354 816 1414 exarsit
836 1354 870 1412 tu
891 1354 970 1413 iras:
1002 1356 1139 1431 accepta,
1161 1354 1332 1432 inquitedt

194 1460 226 1501 ιο
247 1443 359 1503 talium
388 1442 538 1501 dictorum
567 1440 679 1503 iniuria
707 1441 825 1502 Allecto
854 1443 937 1502 facta
966 1446 1012 1503 est
1040 1447 1163 1521 repente
1193 1464 1270 1521 quae

247 1533 324 1607 fuit3
346 1550 407 1591 non
430 1530 510 1589 enim
529 1530 650 1591 difficile
668 1533 849 1591 'commoveri
866 1533 968 1608 potuit
984 1532 1017 1590 in
1037 1551 1097 1608 qua
1115 1538 1270 1609 supererat

249 1619 333 1696 quod
362 1620 465 1696 quieta
492 1620 657 1697 perturbat.
704 1625 736 1680 at
763 1622 864 1679 iuueni
892 1623 991 1680 manti
1019 1623 1134 1680 subitas
1163 1626 1270 1681 tremor

249 1712 487 1782 occupatorias:
513 1728 580 1769 cum
602 1711 676 1771 haec
699 1709 825 1769 dixisset
848 1711 979 1785 Turnus,
1003 1711 1106 1769 eodem
1124 1711 1268 1787 temporis

248 1800 362 1874 puncto
394 1798 572 1859 contremuit
602 1802 634 1859 et
665 1799 703 1858 ab
732 1798 884 1859 iniuriosis
912 1800 1035 1859 vocibus
1064 1799 1103 1858 ad
1131 1801 1269 1876 depreca-

197 1888 362 1945 rationem
391 1905 550 1949 conversus
576 1908 683 1967 rogare
712 1889 811 1963 eoepit
837 1886 956 1948 iratam.
1001 1889 1151 1963 dumam
1178 1890 1269 1948 ocuti:

246 1994 343 2052 usque
366 1976 439 2038 adeo
461 1978 639 2055 perterritus
661 1977 735 2051 fuit,
752 1979 789 2036 ut
807 1977 887 2037 oculi
906 1979 970 2038 eius
988 1979 1123 2056 vigorem
1144 1977 1268 2037 solitum

245 2065 453 2142 perdidissent.
498 2071 539 2125 tot
559 2066 673 2141 Erinys
703 2067 804 2125 sibilat
831 2067 948 2140 hydris:
980 2087 1068 2143 quem
1098 2067 1179 2126 enim
1206 2087 1268 2128 non

244 2158 372 2216 terreret
399 2158 556 2217 tentorum
584 2155 748 2216 multitudo
779 2156 974 2234 serpentium,
1003 2176 1079 2234 quae
1101 2157 1266 2218 minacibus

244 2245 341 2304 sibilis
363 2264 526 2322 personans
548 2246 725 2306 turbaverat
746 2245 934 2305 intuentem?
970 2250 1109 2319 tantaque
1126 2264 1157 2305 sc
1175 2248 1267 2320 factes

200 2350 226 2392 ao
244 2336 357 2408 operit;
379 2335 550 2395 crescebant
573 2354 649 2412 quae
672 2335 835 2394 metuentis
855 2334 1045 2394 formidinem
1064 2337 1266 2395 cumularent:

244 2426 307 2482 tam
335 2425 474 2495 Menneu
503 2427 638 2497 mouens
668 2425 783 2482 lumino
812 2427 994 2483 euadentem
1026 2429 1052 2483 et
1083 2431 1267 2497 euadentem

245 2512 339 2575 dicem
362 2513 455 2587 plara
481 2514 623 2588 reppulit:
654 2512 763 2589 incipit
789 2532 934 2590 exponere
960 2513 1033 2589 quid
1056 2513 1097 2573 sit
1119 2517 1266 2590 tantaque
1275 2524 1328 2573 450

244 2619 276 2661 se
298 2599 390 2661 facies
413 2602 520 2678 aperit.
556 2605 634 2678 tum,
657 2603 713 2662 hoc
738 2605 783 2662 est
806 2602 925 2677 deinde,
948 2621 1017 2661 eum
1039 2603 1133 2663 oculis
1156 2604 1265 2663 Furiae

243 2691 432 2750 emitteretur
453 2690 637 2766 incendium,
661 2710 728 2750 cunr
752 2691 826 2767 quid
848 2691 1021 2750 iracundiae
1042 2696 1159 2770 gereret
1176 2694 1265 2752 tortis

196 2795 224 2837 as
242 2779 275 2838 in
304 2798 480 2856 perversum
509 2780 604 2839 oculis
633 2781 808 2855 testaretur,
839 2783 975 2840 orantem
1001 2782 1135 2857 reppulit
1162 2783 1193 2840 et
1215 2801 1264 2840 ve-

241 2868 465 2928 hementissime
490 2869 699 2946 deprecantem
723 2869 873 2929 trudendo
897 2869 1079 2946 conpescuit.
1122 2869 1265 2943 perneces-

242 2974 298 3032 que
321 2959 411 3017 erased
433 2960 564 3017 minibus
587 2960 706 3033 utputa
731 2977 806 3034 quos
828 2959 936 3019 habuit
957 2959 989 3016 in
1008 2958 1062 3016 illa
1081 2958 1265 3033 serpentium

241 3045 334 3107 turba
362 3048 509 3124 potiores,
537 3049 714 3120 nataeque
743 3049 886 3117 insonuit,
916 3047 950 3105 id
977 3050 1023 3107 est
1048 3047 1169 3124 flagella
1197 3066 1264 3106 con·

241 3135 349 3211 cussit,
376 3139 411 3196 ut
433 3136 589 3196 verberato
613 3155 679 3196 aere
703 3135 777 3213 quid
799 3138 865 3214 pati
888 3136 1036 3214 potuisset
1057 3136 1121 3212 ipse
1146 3136 1264 3197 nunnus

194 3241 223 3283 eo
241 3225 419 3285 adverteret
460 3226 620 3297 rabidoque
641 3226 712 3284 tace
735 3225 851 3285 addidit
872 3243 935 3284 ere:
967 3244 1035 3284 oum
1056 3227 1263 3287 commotionis

241 3332 314 3375 suae
337 3317 384 3375 tot
407 3315 495 3392 signa
517 3313 710 3391 prodidisset,
735 3315 960 3374 convenientem
981 3314 1077 3373 iratae
1098 3334 1264 3374 sermonem

315 3507 331 3555 3
350 3502 417 3570 quid
435 3503 538 3557 armati
556 3501 582 3555 V
599 3502 698 3570 quidve
716 3520 741 3556 a.
762 3502 806 3558 ed.
875 3508 891 3556 6
910 3503 957 3557 ille
975 3504 1052 3571 (illae
1069 3502 1181 3571 V)-8
1200 3518 1263 3556 con·

235 3590 341 3644 ponere
360 3589 414 3628 om.
428 3573 473 3627 ed.
533 3579 548 3626 9
568 3574 779 3629 talibus-iras
797 3590 851 3627 om.
867 3574 910 3628 ed.
972 3580 1003 3627 11
1024 3574 1173 3657 difficulter
1191 3573 1234 3627 ed.
1256 3574 1260 3646 Ι

238 3661 345 3714 semper
363 3651 423 3700 nat
440 3645 484 3700 ed.
558 3650 591 3698 12
609 3645 781 3729 perturbaret
799 3645 843 3699 ed.
869 3645 872 3716 Ι
899 3646 1004 3728 eruatis
1022 3644 1055 3698 V.
1082 3645 1085 3715 t
1110 3646 1200 3699 sabato
1217 3645 1262 3700 ed.

240 3722 275 3771 14
294 3717 330 3770 ab
349 3732 403 3770 om.
417 3716 461 3770 ed.
518 3721 550 3770 1⁹1
570 3721 623 3771 tote
640 3732 711 3770 muca
728 3717 830 3786 sybilla
847 3716 955 3786 thpdona
969 3715 1002 3771 V.
1056 3720 1090 3769 18
1109 3722 1274 3784 serpentum

238 3789 281 3914 (Boot
299 3786 384 3927 inwfripi)
408 3787 451 3842 ed.
517 3793 558 3914 &26
581 3789 751 3918 pepniaosqpe
773 3805 826 3859 pro
851 3794 877 3846 et
900 3790 1026 3862 perciaco
1043 3785 1219 3859 Verginii
1242 3784 1293 3837 ad.

294 3877 310 3914 r
380 3875 745 3932 oqueconramerpr..

1107 3968 1145 4026 bt
