3142 4375
681 490 865 545 anaamos
883 490 909 544 x
1238 493 1303 559 349

285 659 412 729 ametur,
436 675 569 732 cuperem
591 660 654 732 ipse
672 676 785 733 pareus
806 663 949 733 spectator
971 660 1092 719 adesset.
1137 658 1232 735 solus,
1258 661 1303 718 iu-

285 749 367 825 quit,
389 748 440 807 ibo
462 747 495 807 in
517 747 699 823 Pallantem,
727 749 785 808 soli
813 750 893 807 enim
919 750 995 807 mihi
1023 748 1088 808 eins
1111 748 1237 809 debetur
1258 748 1303 807 in·

284 836 401 897 teritus.
447 855 502 915 ego
532 837 569 896 ab
596 838 663 914 ipso
690 837 825 897 debitum
852 837 1033 914 supplicium
1064 842 1178 915 petam,
1211 841 1303 915 atque

284 926 403 986 utinam
431 929 518 1003 pater
547 925 611 986 eius
641 945 781 1003 praesens
812 946 876 987 esse
903 928 1064 1003 potuisset,
1087 927 1203 987 videret
1225 927 1302 987 orbi·

255 1017 381 1075 statem
394 1034 489 1091 suam,
502 1015 618 1075 videret
637 1036 725 1093 quem
744 1016 889 1076 Troianos
908 1016 1096 1094 suscipiendo
1114 1017 1303 1094 contempsit.

284 1104 464 1182 loquebatur
486 1106 573 1181 quasi
595 1106 658 1164 iam
681 1108 802 1182 sperata
819 1107 1005 1184 perfecisset,
1023 1106 1144 1181 vellem,
1163 1107 1219 1180 ait,
1237 1107 1302 1182 ipse

284 1212 393 1271 parens
413 1188 492 1275 (ipse
510 1214 570 1255 non
590 1194 714 1254 dubium
732 1198 778 1255 est
797 1199 910 1272 quanta
924 1195 1083 1273 significet:
1106 1196 1171 1271 ipse
1187 1198 1304 1255 amator

284 1282 400 1346 scilicet
429 1283 525 1343 hostis
554 1285 626 1359 mei,
656 1285 720 1361 ipse
751 1285 803 1361 qui
833 1285 1006 1353 adversario
1035 1304 1101 1343 meo
1130 1287 1304 1362 procuravit

284 1372 412 1447 auxilia,
433 1373 498 1450 ipse
521 1372 574 1448 qui
595 1376 715 1433 tantum
744 1373 822 1434 favit
849 1373 984 1449 inimico,
1013 1376 1048 1433 ut
1077 1372 1170 1432 etiam
1198 1374 1303 1447 filium,

240 1476 267 1516 ro
285 1481 375 1539 quom
403 1464 525 1521 unicum
554 1462 675 1537 habuit,
704 1464 736 1521 iu
766 1466 963 1541 augmentum
993 1463 1174 1522 auxiliorum
1204 1461 1303 1543 daret)

284 1552 437 1628 spectator
459 1550 589 1625 adesset,
611 1552 676 1628 ipse
698 1552 840 1628 probaret
860 1553 1006 1612 virtntm
1027 1571 1136 1627 meam,
1159 1551 1224 1628 ipse
1242 1552 1303 1611 suis

284 1640 380 1700 oculis
403 1644 536 1700 cerneret
558 1642 719 1701 orbitatem
741 1660 828 1703 suam
850 1644 881 1700 et
903 1661 990 1700 omne
1012 1642 1129 1719 generis
1153 1642 1304 1717 ac'poste

284 1729 386 1789 ritatis
409 1747 480 1789 suae
503 1749 611 1789 nomen
635 1730 812 1806 extinctam,
835 1732 900 1807 ipse
923 1749 983 1789 non
1006 1729 1125 1789 audiret
1147 1731 1302 1789 interitum

284 1817 343 1894 fili,
366 1817 418 1878 sed
441 1820 587 1893 cerneret,
608 1820 747 1879 ureretur
769 1819 898 1880 videndo
920 1820 1013 1879 funus
1036 1838 1125 1879 suum
1143 1821 1175 1879 et
1191 1837 1303 1896 poenas

240 1922 266 1961 rs
284 1906 379 1967 animi
411 1910 441 1966 et
472 1926 595 1985 corpore
629 1907 722 1969 daret.
775 1910 825 1968 hie
862 1928 982 1985 quoque
1013 1907 1167 1986 Vergilius
1203 1908 1304 1967 firmat

285 1997 426 2075 graviora
448 2016 511 2057 esse
534 1998 617 2058 mala
639 2018 715 2074 quae
738 1997 950 2075 perpetiuntur
970 1997 1119 2077 videntes,
1147 1996 1303 2073 aliquanto

284 2104 356 2147 varo
385 2084 499 2146 leviora
529 2106 606 2161 quae
637 2086 772 2148 audiunt.
827 2088 898 2147 baec
929 2088 972 2147 uit
1001 2092 1027 2145 et
1055 2087 1127 2147 socii
1158 2091 1305 2146 cesseruut

285 2193 409 2251 aequore
430 2176 526 2236 iusso:
549 2195 618 2236 cum
639 2177 780 2237 iussionis
804 2176 862 2236 fine
885 2179 1046 2254 praecepta
1068 2176 1207 2253 conpleta
1225 2179 1304 2252 sunt,

284 2267 438 2325 cesserunt
461 2285 561 2326 omues
586 2266 672 2340 socii,
694 2268 730 2324 ut
752 2267 908 2343 patefieret
930 2266 1073 2344 spatium.
1106 2271 1137 2326 at
1158 2267 1364 2325 Rutubumero

240 2368 266 2408 so
285 2356 422 2414 abscessu
443 2355 559 2414 iuveuis
581 2359 643 2414 tum
665 2356 750 2414 iussa
771 2357 899 2429 superba
924 2356 1066 2415 miratur:
1093 2357 1304 2415 auctoritatem

283 2443 414 2504 iubentis
438 2462 474 2503 ao
497 2443 667 2520 superbiam
688 2445 816 2505 miratus
840 2447 885 2504 est
907 2444 1022 2519 Pallas,
1051 2463 1142 2522 quam
1164 2444 1304 2522 probavit

283 2535 317 2592 in
340 2531 480 2593 abscessu
501 2534 690 2592 Rutulorum.
721 2538 817 2606 stupet
838 2535 871 2592 iu
890 2534 1006 2592 Turno:
1029 2536 1059 2592 et
1080 2535 1137 2592 hoc
1154 2534 1253 2612 magis
1270 2535 1303 2591 in

284 2622 386 2682 Turno
410 2622 541 2699 stupuit,
565 2622 645 2698 quod
668 2623 710 2682 sic
734 2622 932 2698 obsequenter
955 2622 1076 2682 audibis
1100 2626 1153 2681 est.
1186 2639 1303 2694 eorpus·

284 2728 340 2785 pue
364 2728 420 2785 per
448 2713 552 2786 iupeus
581 2713 696 2771 luuuiua
724 2712 814 2771 uoluit
841 2713 953 2784 obitque
982 2712 1058 2770 truci
1075 2711 1181 2784 procul
1203 2711 1304 2770 ouuia

239 2815 266 2855 rs
283 2801 366 2860 auu:
394 2801 525 2860 inimicis
558 2800 651 2860 oculis
683 2791 805 2878 singula
835 2800 949 2860 inimici
980 2800 1113 2859 membra
1144 2798 1302 2875 pendebat.

284 2889 394 2948 talibus
421 2894 448 2948 et
474 2891 558 2950 dictis
584 2892 608 2948 it
634 2894 735 2950 coutra
762 2891 840 2949 elicta
863 2891 996 2964 tyrauui:
1022 2892 1058 2948 ut
1080 2907 1111 2948 so
1134 2890 1304 2948 ostenderet

282 2977 386 3038 Pallas
416 2978 514 3038 verbis
544 2979 638 3038 Turni
666 2999 726 3038 non
755 2979 907 3053 territum,
937 2979 979 3038 sic
1009 2981 1114 3038 contra
1135 2978 1302 3054 respondit:

284 3072 338 3127 eut
359 3068 461 3141 spoliis
484 3085 533 3143 eqo
555 3069 618 3128 iam
639 3070 734 3142 raptis
752 3069 897 3129 laudabar
914 3069 1020 3142 opimis
1038 3072 1090 3127 aut
1108 3067 1161 3126 leto
1179 3069 1364 3141 iusepuittte

284 3157 357 3217 sorti
381 3161 470 3230 pater
501 3174 612 3230 aequus
640 3158 755 3231 utrique
782 3162 832 3216 est
877 3157 942 3216 tolle
971 3158 1079 3216 uiuos.
1125 3158 1197 3231 quia
1227 3156 1304 3217 dixit

239 3261 266 3302 ao
283 3248 390 3306 oontm
413 3245 494 3306 diota
516 3246 640 3324 tyranni
661 3246 774 3306 talibus
797 3248 965 3323 respondit,
988 3248 1110 3322 exponit
1127 3247 1159 3304 in
1181 3264 1302 3322 respon-

284 3334 367 3396 sione
390 3334 539 3396 Pallantis
563 3336 636 3411 quid
659 3338 700 3395 sit
722 3338 827 3395 contra
850 3335 937 3395 diota.
984 3336 1101 3395 Tmuus
1130 3336 1242 3412 quippe
1270 3336 1302 3393 in

358 3530 547 3593 leapectator
560 3523 618 3577 VR.
673 3525 811 3579 tuideret
824 3523 875 3576 VR
892 3530 924 3577 ut
941 3541 965 3577 a.
985 3523 1028 3577 ed.
1084 3524 1240 3591 eloquitur
1258 3523 1302 3578 ed.

285 3601 318 3651 11
336 3602 473 3664 spectator
486 3594 538 3648 VR
555 3597 581 3650 si
593 3611 633 3663 sp.
649 3595 692 3649 ed.
747 3601 779 3649 15
798 3596 888 3650 auimi
900 3594 952 3647 VR
969 3611 1029 3649 -uw
1047 3594 1091 3649 ed.
1143 3601 1176 3648 16
1190 3611 1301 3663 quae—

285 3672 318 3722 l'l
337 3667 459 3722 audiuut
480 3669 586 3721 temere
608 3668 677 3720 mut.
697 3667 740 3721 ed.
818 3671 853 3720 20
875 3668 994 3721 miratur
1007 3665 1058 3718 VR
1075 3667 1193 3720 miratus
1211 3666 1254 3720 ed.
1274 3669 1303 3720 et

284 3738 387 3808 optimi
411 3737 495 3808 Verg.
521 3737 594 3792 libri.
669 3743 703 3791 24
726 3754 779 3807 per
806 3754 860 3792 om.
882 3736 915 3793 V.
989 3738 1232 3806 superpendebat
1258 3738 1303 3792 ed.

284 3816 320 3865 26
333 3815 444 3866 econtra
456 3826 508 3878 pro
522 3811 545 3864 it
558 3826 580 3864 c.
588 3808 647 3862 VR.
665 3809 667 3879 l
683 3825 715 3872 se¹
724 3812 790 3878 post
802 3811 891 3864 Turui
903 3811 1046 3879 transpos.
1055 3808 1104 3864 ab.
1136 3814 1173 3862 Ἦ
1185 3809 1324 3861 territum

283 3879 336 3935 VR
350 3880 564 3937 essedum-ed.
604 3885 638 3934 29
651 3888 724 3938 sorte
733 3881 794 3938 VR.
833 3882 1095 3941 attractatus
1106 3878 1283 3935 seraeuttasa
1292 3869 1328 3922 ab
