3142 4375
641 464 869 522 Annnnosx
1198 470 1262 535 321

247 634 418 707 clauumque
440 635 512 709 repit
534 635 660 709 uotisque
681 635 845 693 ministrat:
873 634 981 709 virtus,
1011 638 1048 693 ut
1075 636 1190 695 dietum
1211 639 1265 711 est,

246 723 366 783 Aeneae
399 723 590 800 describitur3
622 742 689 783 cum
722 725 802 782 enim
834 725 912 783 esset
942 742 1002 783 nox
1034 727 1065 783 et
1096 725 1168 783 luna
1203 724 1265 784 iam

246 811 379 873 medium
402 812 518 871 coelum
539 814 698 888 tonuisset,
722 814 866 889 qnoniam
887 814 920 871 in
942 815 1030 873 tanta
1052 832 1123 873 cura
1145 832 1265 873 somnus

247 922 317 962 enm
338 905 440 962 tenere
463 921 522 961 non
545 904 677 978 poterat,
702 901 832 961 sedebat.
878 921 944 962 occe
973 902 1083 978 duplex
1111 902 1209 977 labor,
1236 906 1267 963 et

216 1010 308 1052 onon
331 990 459 1051 dormire
481 991 535 1049 illo
558 993 692 1067 tempore
716 993 746 1049 et
770 991 879 1050 sedere.
932 990 1092 1051 accedebat
1114 992 1160 1052 bis
1185 992 1267 1069 quod

248 1081 378 1159 vigilans
402 1083 432 1140 et
455 1080 559 1139 sedens
581 1080 719 1139 nonfuit
738 1082 852 1140 otiosus
871 1081 939 1140 aliis
960 1080 1075 1140 duobus
1094 1081 1266 1141 muneribus

247 1170 392 1246 serviens;
421 1188 492 1228 nam
522 1171 552 1228 et
581 1169 784 1247 gubernacula
813 1169 935 1229 tenebat
964 1175 994 1229 et
1021 1170 1157 1229 velorum
1184 1170 1266 1230 sinus

247 1261 312 1318 arte
329 1258 549 1321 moderebatur.
582 1259 739 1318 ordinatur
756 1276 861 1318 sensus
879 1259 935 1318 sic:
953 1260 1017 1335 ipse
1031 1258 1148 1319 Aeneas
1162 1259 1266 1319 sedens

247 1348 425 1425 clavumque
448 1347 527 1425 regit
549 1348 684 1425 velisque
705 1348 873 1427 ministrat3
900 1367 997 1425 neque
1021 1349 1100 1406 enim
1126 1349 1266 1408 membris

202 1456 229 1497 ro
247 1437 300 1497 dat
329 1455 400 1497 cura
428 1436 566 1513 quictem.
611 1438 679 1514 ipsa
707 1438 787 1496 enim
814 1438 875 1496 fuit
896 1456 988 1496 causa
1010 1437 1170 1515 vigilandi,
1194 1458 1266 1514 quo·

246 1526 330 1585 niam
359 1526 562 1603 navigationis
593 1530 624 1585 et
653 1527 757 1586 futura
785 1526 858 1584 belli
888 1526 1088 1586 sollicitudine
1119 1526 1266 1586 distentus

247 1615 376 1675 dormire
400 1635 461 1675 non
482 1616 609 1692 poterat.
655 1619 740 1690 utque
762 1616 808 1673 itii
829 1616 923 1674 medio
945 1617 978 1674 in
1000 1617 1110 1689 spatio:
1136 1616 1267 1675 medium

247 1705 378 1781 spatium
408 1706 439 1763 et
467 1703 558 1763 maris
588 1706 688 1780 potest
717 1722 779 1763 esse
809 1708 840 1763 et
867 1705 1063 1764 interstitium
1085 1706 1167 1781 quod
1189 1705 1268 1764 inter

247 1795 312 1853 eins
335 1812 442 1853 navem
466 1795 497 1853 et
519 1795 631 1852 ceteras
655 1792 722 1852 fnit.
772 1794 877 1852 chorus
905 1811 965 1853 ecce
991 1812 1116 1853 sucrum
1143 1795 1329 1853 occurrumo

202 1899 228 1941 ro
247 1884 397 1942 continu:
415 1882 537 1942 comites
556 1882 634 1941 dixit
651 1881 736 1941 navis
755 1902 834 1958 quee
849 1883 994 1960 cumipse
1009 1901 1126 1959 semper
1139 1883 1266 1942 fuerant.

248 1971 354 2031 chorus
378 1975 423 2031 est
445 1990 587 2031 numerus
611 1972 751 2031 collectus
776 1991 811 2029 ex
834 1972 981 2048 plurimis.
1013 1972 1087 2032 dicit
1109 1973 1170 2031 iam
1189 1992 1267 2049 quae

247 2064 346 2120 essent
368 2060 400 2120 in
423 2060 488 2137 ipso
513 2061 615 2120 choro:
638 2061 796 2135 nymphae,
821 2079 895 2134 qnos
918 2062 998 2120 utino
1023 2060 1132 2136 Cybebe
1159 2080 1268 2120 numen

247 2149 352 2209 tabere
374 2151 468 2210 monis
490 2150 689 2225 nymphasque
707 2168 722 2209 e
740 2150 868 2209 nucibus
886 2167 947 2209 esse
964 2152 1103 2220 iusserat,
1122 2152 1269 2211 innabant

243 2240 359 2313 nonitn
371 2242 531 2314 fluctusque
544 2242 690 2299 secabunt.
726 2240 782 2300 hoc
801 2243 892 2316 poeta
910 2259 969 2299 non
987 2259 1042 2316 pro
1060 2259 1138 2299 novo
1156 2242 1268 2317 posuit,

202 2346 230 2387 ro
247 2333 283 2388 ut
305 2330 394 2405 quasi
420 2329 606 2407 incognitam
633 2329 769 2388 febrssom
795 2329 898 2389 insciis
926 2329 1088 2389 lectoribus
1110 2329 1268 2405 indicaret,

248 2416 300 2477 sed
323 2418 581 2478 commemorantis
609 2419 729 2478 functus
757 2417 856 2484 officio
882 2419 1009 2495 replicat
1035 2421 1126 2496 gesta.
1177 2419 1269 2495 ipsae,

248 2507 363 2584 inquit,
381 2507 447 2567 dico
466 2508 614 2584 nymphas
635 2507 674 2567 ed
691 2507 814 2567 Aenean
832 2508 948 2566 venisse
968 2526 1044 2583 quas
1062 2510 1158 2567 mater
1180 2509 1269 2568 deum

249 2615 286 2654 ex
312 2596 440 2656 novibus
468 2597 580 2656 fecerat
607 2596 774 2674 quibusque
797 2596 1048 2655 inmortalitatem
1075 2598 1268 2656 concesserat.

248 2685 396 2745 innabant
423 2685 537 2762 pariter
563 2686 730 2763 fluctusque
757 2685 911 2745 secabant:
939 2685 982 2745 sic
1009 2685 1091 2761 ipsae
1118 2687 1268 2762 nymphae

203 2789 231 2833 11
249 2776 389 2834 natantes
408 2774 581 2850 veniebant,
604 2775 742 2834 utnulla
760 2775 951 2851 praecederet
969 2773 1054 2833 alias.
1091 2775 1166 2847 qnod
1181 2775 1268 2847 prins

249 2868 369 2923 nerutoe
391 2867 529 2922 steterunt
551 2864 591 2923 ud
609 2864 695 2923 titoru
713 2881 838 2937 prorue:
860 2864 951 2922 litora
974 2863 1140 2940 appellavit
1162 2882 1268 2939 prorae

322 3074 339 3122 4
358 3085 419 3123 euni
437 3075 526 3124 tenere
544 3068 570 3121 R
587 3076 726 3124 contenere
739 3068 765 3122 V
783 3071 870 3124 teneri
888 3067 931 3123 ed.
999 3073 1032 3122 10
1051 3069 1154 3123 datura
1172 3071 1269 3137 (supra

249 3141 337 3208 recte)
356 3140 415 3194 VR.
489 3145 520 3192 11
539 3141 639 3206 futuro
656 3139 707 3194 VR
731 3141 774 3194 ed.
797 3141 908 3206 futuri?
938 3140 941 3210 t
976 3140 1052 3194 bellis
1066 3139 1118 3192 VR
1136 3157 1205 3193 corr.
1225 3138 1268 3194 ed.

251 3215 285 3264 13
304 3212 376 3265 intn
388 3213 449 3266 istis
460 3210 512 3264 VR
529 3213 672 3266 interstitii
685 3210 710 3263 U
725 3214 811 3266 tium
824 3228 874 3264 nos
888 3213 920 3266 in
933 3213 1013 3266 terris
1027 3212 1070 3266 ed.
1127 3218 1160 3264 14
1173 3228 1226 3265 suo
1235 3210 1268 3265 V.

251 3286 285 3336 17
304 3283 398 3352 oycebe
416 3282 442 3335 R
459 3283 543 3352 epate
555 3282 581 3336 V
600 3283 708 3352 Cybelle
726 3283 769 3336 ed.
790 3283 887 3352 Cybele
905 3283 948 3336 ed.
967 3285 1039 3351 post.
1106 3289 1139 3336 21
1159 3299 1270 3337 comne-

249 3354 365 3408 ncrotis
378 3353 430 3407 VR
448 3370 516 3407 corr.
537 3353 580 3407 ed.
635 3361 669 3407 24
687 3356 836 3422 unctusque
853 3354 978 3420 ferebant
996 3357 1091 3422 (supra
1110 3356 1195 3422 recte)
1210 3353 1269 3409 VR.

251 3429 286 3478 2⁶
311 3425 384 3494 quod
404 3424 455 3478 VR
480 3431 545 3494 quot
569 3425 625 3478 ed:
658 3440 692 3478 ex
721 3425 955 3493 interpretatione
983 3427 1103 3493 apparet
1127 3425 1269 3479 Donatum

251 3496 324 3564 quod
348 3495 379 3550 in
404 3495 558 3564 exemplari
584 3512 633 3549 suo
658 3496 803 3550 inventum
826 3499 887 3565 (pro
906 3503 970 3565 quot
988 3497 1023 3550 cf.
1043 3497 1086 3551 ed.
1105 3496 1200 3560 Ribb.)
1218 3513 1270 3565 pro

251 3567 449 3622 coniunctione
467 3566 600 3621 habuisse
619 3583 707 3634 eoque
723 3583 816 3622 errore
830 3567 944 3620 ductum
959 3569 1054 3621 tentes
1068 3568 1191 3636 ineptias
1206 3585 1270 3622 oon·

251 3637 348 3706 flasse,
374 3638 619 3707 quesisnymphee
643 3639 680 3691 ad
703 3637 788 3692 litora
810 3654 911 3707 prorae
934 3641 1047 3692 aeratae
1070 3640 1149 3693 novis
1168 3638 1270 3693 consti-

250 3710 361 3764 tissent.
435 3715 468 3763 26
491 3715 587 3765 aerato
608 3715 623 3763 i
643 3716 669 3764 et
691 3717 771 3765 erunt
788 3711 813 3763 R
836 3717 932 3765 aerato
954 3717 994 3765 cst
1016 3718 1095 3766 erant
1112 3710 1138 3764 V
1160 3717 1271 3766 aeratae

251 3787 383 3838 steterant
405 3781 448 3835 ed.
479 3781 481 3850 t
511 3782 662 3850 oppetierit
677 3798 747 3850 qnae
761 3781 812 3835 VR
830 3800 856 3836 o.
871 3798 924 3850 per
942 3781 985 3836 ed.
1003 3799 1053 3852 per
1071 3782 1281 3848 debedpoeb,

252 3868 318 3922 app.
334 3869 436 3922 prorae
453 3869 512 3906 nos.

300 3959 358 3999 Dora
367 3958 461 4007 interpr,
472 3959 536 4009 Verg.
552 3959 597 4002 vol,
606 3961 639 4004 11.
1106 3968 1146 4014 Ἃ
