3142 4375
312 460 354 525 ῃ
595 455 734 511 uorum
751 455 1043 511 mrsnrnvnue.

308 625 364 685 bus
388 624 590 685 saevientibus
608 625 705 699 fieret,
728 624 851 685 odorem
868 623 949 684 cervi
967 621 1005 683 ad
1029 643 1133 684 eorum
1157 624 1241 684 naris
1266 645 1340 703 per-

309 716 411 776 venire
443 714 527 789 fecit,
564 716 600 773 ut
630 714 800 774 invenirent
830 714 891 790 ipsi
923 733 1011 789 quern
1044 714 1173 775 forsitan
1205 720 1339 777 eventus

309 805 409 863 fuerat
431 806 611 863 servaturus.
657 820 731 877 quoe
749 804 852 876 primu
877 804 1011 862 tuborum
1037 821 1130 862 causo
1155 804 1229 877 fuit:
1258 804 1339 867 haec

310 892 425 953 occasio
452 892 720 969 praetermittenda
745 911 808 952 non
835 892 908 966 fuit,
936 911 1012 969 quae
1039 892 1148 952 idonea
1170 892 1339 955 videbatur

309 985 346 1041 ut
371 981 460 1041 initio
491 981 564 1040 belli
590 982 718 1057 primam
745 982 858 1040 faceret
884 1000 1013 1041 causam.
1060 982 1186 1054 belloque
1214 984 1338 1045 animos
1360 992 1376 1039 'a

310 1072 441 1130 aueudc’t
463 1072 600 1145 oprestr's:
621 1090 683 1130 non
704 1070 836 1129 inaniter
853 1071 957 1146 posuit
974 1069 1089 1130 animos
1109 1071 1252 1149 agrestis,
1277 1074 1339 1135 hoc

310 1163 356 1220 est
374 1178 495 1237 asperos
511 1162 542 1218 et
553 1161 700 1236 inperitos
716 1161 841 1233 animm,
855 1159 986 1236 primum
999 1161 1145 1219 excitatos
1155 1160 1189 1218 in
1202 1159 1338 1239 bellum;

310 1249 411 1309 nullus
435 1250 514 1308 enim
537 1248 655 1324 sapiens
684 1250 727 1307 sic
754 1250 868 1307 moveri
894 1250 1042 1325 potuisset
1068 1251 1104 1307 ut
1129 1248 1179 1308 illi
1205 1252 1339 1312 excitati

310 1340 394 1413 sunt,
420 1341 456 1397 ut
478 1340 602 1415 propter
623 1337 762 1397 vilissimi
784 1336 924 1397 animalis
951 1338 1091 1397 iniurium
1113 1337 1225 1412 levem,
1254 1360 1339 1418 quae

309 1427 502 1503 inprudentia
533 1427 620 1504 pueri
654 1428 793 1486 venantis
830 1426 949 1485 defendi
984 1430 1136 1504 potuerat,
1172 1432 1339 1506 proprium
1357 1446 1376 1487 u

310 1516 487 1595 sanguinem
520 1516 612 1576 daret.
658 1517 749 1576 huius
787 1517 866 1575 cervi
897 1517 1041 1593 quoniam
1076 1519 1203 1576 noverat
1240 1524 1340 1595 poeta

310 1606 427 1664 nullum
448 1606 590 1665 meritum
612 1606 705 1665 fuisse
733 1606 782 1665 vel
809 1604 952 1680 pretium,
980 1625 1015 1663 ax
1039 1606 1107 1665 aliis
1134 1608 1341 1684 prosequitur

310 1696 442 1769 laudem,
472 1698 508 1755 ut
536 1696 596 1771 ipsi
626 1713 746 1771 quoque
777 1696 910 1771 agrestes
940 1712 994 1770 pro
1025 1694 1157 1753 naturali
1185 1694 1340 1772 inperitia

309 1785 394 1845 velut
424 1784 503 1843 iuste
535 1785 679 1843 exarsisse
710 1783 878 1842 videantur.
924 1783 1080 1858 exequitur
1106 1785 1201 1861 igitur
1231 1789 1339 1863 qualis

309 1874 361 1932 ille
384 1874 478 1933 fuerit
501 1891 605 1932 cervus
629 1875 660 1930 et
678 1871 767 1931 huius
785 1872 923 1946 formam,
940 1891 1036 1932 mores
1054 1873 1339 1937 mansuetudinem·
1357 1892 1376 1933 u

310 1982 367 2039 que
391 1962 586 2023 commendat.
628 1978 730 2019 ceruus
753 1966 817 2020 erut
837 1965 936 2034 formu
954 1963 1121 2034 praestanti·
1143 1966 1170 2020 et
1192 1967 1340 2027 cernuas

308 2054 426 2125 ruyrus:
453 2051 514 2110 duo
537 2049 644 2109 habuit
666 2068 796 2124 summa,
823 2050 950 2109 formam
973 2052 1105 2127 corporis
1129 2054 1160 2110 et
1181 2070 1339 2116 cornuum

308 2140 562 2219 magnitudinem,
586 2158 645 2216 qua
669 2139 826 2200 sublimior
844 2138 1036 2199 efficiebatur.
1073 2159 1139 2200 ecce
1157 2159 1218 2201 non
1231 2142 1338 2221 ipsius

309 2229 426 2309 generis
446 2229 602 2305 exequitur
616 2231 766 2302 meritum,
786 2230 867 2305 quod
885 2230 1003 2288 nullum
1021 2230 1128 2305 fuerat,
1142 2229 1194 2290 sed
1211 2238 1337 2313 magni·

309 2318 445 2378 tudinem
468 2318 532 2378 eius
551 2321 582 2377 ct
599 2317 853 2396 pulchritudinem
873 2319 1012 2396 praefert.
1053 2320 1110 2379 hoc
1133 2340 1204 2398 ergo
1227 2321 1338 2385 fuerat
1355 2338 1376 2379 rs

309 2410 454 2485 primum,
488 2407 569 2484 quod
601 2409 726 2484 pulcher
757 2412 788 2467 et
814 2427 942 2486 magnus
971 2407 1111 2485 quodque
1134 2411 1261 2470 ornatus
1287 2433 1336 2472 ar·

308 2498 406 2556 boreis
430 2497 577 2556 cornibus.
624 2497 788 2571 Tyrrhidae
810 2499 900 2569 pueri
926 2514 1010 2569 quem
1038 2499 1143 2556 matris
1173 2500 1211 2557 ab
1241 2502 1337 2562 ubere

247 2598 299 2647 485
308 2591 428 2659 ruptum
450 2587 603 2644 nutribant
626 2586 814 2660 Tyrrhusque
832 2590 933 2660 puter:
957 2587 1005 2644 hic
1028 2605 1130 2646 versus
1153 2587 1246 2646 habet
1271 2610 1336 2651 non

308 2695 434 2752 parvam
468 2674 685 2749 confusionem,
718 2676 745 2734 si
772 2693 967 2752 personarum
998 2674 1077 2735 ratio
1105 2677 1208 2737 lateat
1255 2698 1335 2738 non-

308 2766 386 2824 nulli
414 2765 494 2824 enim
522 2764 565 2823 sic
591 2765 802 2840 pronuntiant,
832 2766 868 2822 ut
890 2763 993 2822 dicant
1015 2783 1118 2824 cervus
1142 2769 1208 2824 erat
1230 2765 1335 2826 forma
1353 2786 1376 2827 rs

307 2854 476 2930 praestanti
494 2857 525 2913 et
543 2854 680 2912 cornibus
698 2853 804 2931 iugens
824 2853 990 2928 Tyrrhidae
1006 2853 1101 2929 pueri.
1139 2854 1220 2930 quod
1238 2854 1267 2914 si
1286 2857 1334 2916 ita

308 2944 485 3003 remanserit
507 2944 668 3019 reliquum,
691 2961 752 3001 non
772 2941 961 3019 apparebunt
984 2943 1035 3017 qui
1059 2961 1128 3002 eum
1149 2944 1334 3005 retraxerint

308 3033 447 3092 uberibus
470 3032 584 3091 matris.
626 3031 750 3107 proinde
773 3048 918 3107 personae
942 3031 1166 3091 constituendae
1184 3035 1271 3107 sunt,
1295 3039 1334 3096 ut

308 3121 478 3180 intellectus
502 3121 557 3180 fiat
578 3120 734 3180 illustrior.
776 3120 903 3179 dicimus
922 3120 1073 3195 Tyrrhum
1090 3121 1168 3180 filios
1186 3122 1332 3185 habuisse

308 3210 386 3268 inter
418 3212 530 3270 ceteros
563 3209 741 3286 Tyrrhidem
777 3211 807 3267 et
840 3207 980 3281 Silvium,
1016 3211 1187 3269 inventores
1224 3214 1332 3273 autem
1349 3231 1376 3271 so

308 3301 388 3358 cervi
408 3299 500 3358 fuisse
522 3318 629 3375 pueros
649 3297 814 3374 Tyrrhidae
828 3293 852 3376 †
867 3316 937 3376 ergo
961 3318 1021 3373 am,
1044 3299 1100 3357 hoc
1123 3302 1169 3357 est
1190 3300 1331 3364 homines

308 3388 486 3464 Tyrrhidae:
523 3408 577 3447 nec
608 3389 750 3446 miremur
781 3405 891 3463 pueros
923 3386 1033 3461 dictos,
1069 3406 1135 3446 cum
1168 3388 1227 3448 alio
1260 3390 1330 3453 loco

380 3565 395 3612 2
420 3559 537 3628 perfecit
554 3557 580 3610 V
599 3557 642 3612 ed.
672 3574 722 3626 per
750 3556 841 3612 delevi
867 3559 900 3610 ut
928 3556 1139 3627 dittographon.
1225 3565 1243 3612 4
1270 3578 1332 3618 uon

308 3648 361 3684 om.
386 3631 428 3685 ed.
459 3647 507 3684 uec
533 3646 584 3697 pro
612 3630 678 3683 baec
706 3628 749 3683 ed.
772 3630 845 3696 post.
924 3633 939 3680 6
963 3630 1184 3697 usu-oyrestr's
1208 3646 1262 3684 om.
1282 3633 1330 3688 ed.

308 3707 342 3755 20
358 3703 488 3771 praeteri
501 3700 555 3754 VH
570 3700 692 3769 praefert
706 3716 757 3753 nos
771 3701 961 3768 macerulae
976 3699 1052 3754 Oed.
1068 3706 1136 3754 tun
1149 3699 1183 3753 U.
1234 3707 1268 3755 21
1284 3720 1331 3758 cr-

308 3775 422 3828 dc‘uutus
439 3773 465 3826 V
489 3778 605 3827 oruotus
627 3772 670 3826 ed.
744 3777 778 3824 27
798 3772 972 3840 apparebunt
989 3770 1014 3824 V
1034 3771 1181 3840 apparebit
1199 3771 1242 3827 ed.
1263 3791 1334 3830 cum

308 3845 364 3897 alia
387 3843 576 3897 distinctione.
650 3849 681 3898 31
707 3859 769 3914 erpo
788 3859 830 3897 em
847 3841 873 3895 V
896 3848 921 3896 et
939 3848 1043 3912 qautem
1061 3843 1106 3895 ed.
1124 3859 1185 3910 erqo
1203 3851 1331 3910 quatem?
