3142 4375
657 491 907 549 mnnmosvn
1246 496 1290 562 59

273 666 473 741 suppeterent.
517 662 594 722 nihil
622 666 668 722 est
693 648 803 721 horum
829 665 993 739 contraque
1021 664 1092 743 sunt
1119 662 1220 723 omnia
1245 662 1291 721 iu-

271 754 397 813 bonesta
425 754 456 811 et
483 752 567 811 dura.
612 751 716 810 nullus
739 752 889 828 postulat,
911 754 998 829 pater
1025 752 1150 830 ingerit,
1179 754 1236 811 erit
1258 754 1290 811 in

270 842 343 902 navi
369 842 523 901 thalamus
549 841 630 900 filiae
658 841 689 900 et
715 841 812 900 omnis
839 840 905 901 vita
934 842 1061 901 ducetur
1085 840 1118 900 in
1140 842 1291 917 fluctibus,

270 932 372 1010 gratia
395 934 473 991 certe
495 930 582 990 nulla
604 928 741 1007 coniugis
763 932 795 989 et
816 930 934 989 nullum
957 931 1045 990 decus
1067 930 1177 990 uxoris.
1224 931 1290 1007 quis

233 1038 248 1079 r
270 1021 396 1099 dignam
413 1019 561 1080 iudicabit
577 1017 771 1078 matrimonio
791 1037 845 1079 suo
865 1038 956 1096 quam
974 1023 1061 1096 pater
1077 1038 1138 1078 non
1155 1020 1291 1094 tradidit,

270 1110 324 1170 sed
347 1108 476 1169 abiecit?
516 1127 578 1167 non
600 1109 660 1168 ista
683 1107 804 1168 dabitur
826 1109 960 1168 maritali
982 1108 1145 1184 consortio,
1171 1110 1224 1168 sed
1245 1109 1290 1167 iu-

270 1200 408 1259 felicibus
432 1197 631 1257 Troianorum
653 1197 725 1257 fatis
748 1200 779 1257 et
805 1197 944 1257 fortunae
973 1198 1124 1276 iungetur.
1165 1197 1218 1256 ubi
1245 1200 1291 1257 est

270 1308 343 1348 cura
361 1286 480 1365 patris?
515 1286 569 1344 ubi
585 1286 680 1363 patris
698 1285 852 1346 officium?
886 1287 940 1345 ubi
957 1288 1036 1346 sacri
1053 1288 1142 1346 huius
1160 1287 1290 1347 nominis
1332 1347 1335 1352 ,

270 1376 391 1456 pietas?
437 1376 536 1435 solent
560 1376 593 1433 in
616 1376 662 1435 bis
685 1375 784 1435 causis
811 1379 913 1451 patres
936 1394 1000 1435 esse
1023 1378 1172 1452 suspensi,
1199 1375 1291 1436 etiam

223 1484 249 1523 ιο
271 1486 342 1526 oum
373 1465 538 1524 liberorum
568 1483 706 1524 numerus
737 1465 836 1523 maior
867 1468 914 1524 est
945 1468 976 1523 et
1007 1465 1149 1526 felicioris
1177 1465 1289 1525 subolis
1360 1459 1362 1464 ’

269 1554 430 1614 beatitudo
453 1552 637 1631 suppeditat:
665 1573 725 1630 quo
752 1554 851 1631 magis
877 1555 910 1612 in
932 1555 1040 1614 unicae
1062 1556 1183 1631 negotio
1210 1554 1290 1613 filiae

273 1642 377 1703 debuit
407 1645 437 1701 te
470 1642 564 1702 facere
596 1644 759 1703 necessitas
796 1643 969 1702 cautiorem.
1011 1644 1137 1703 ducetur
1171 1646 1290 1719 misera,

272 1732 400 1791 ducetur
424 1731 542 1806 infelix,
572 1750 734 1792 occursura
764 1751 931 1808 numquam
957 1732 1070 1791 risibus
1098 1732 1186 1809 meis,
1218 1733 1291 1793 fient

271 1840 334 1881 nou
356 1821 491 1899 nuptiae,
514 1822 567 1881 aed
587 1821 668 1881 filiae
690 1820 862 1881 miseranda
883 1821 1091 1898 transcripto,
1117 1822 1144 1881 si
1166 1821 1290 1898 nuptiae

224 1910 413 1970 iudicandae
442 1913 514 1971 sunt
543 1929 621 1987 quae
653 1929 713 1969 non
745 1912 778 1969 in
811 1914 1005 1987 augmentum
1036 1910 1153 1989 generis
1185 1911 1290 1986 nostri,

271 2000 324 2059 sed
358 2002 515 2059 interitum
551 2018 744 2076 processurae
777 2003 857 2058 sunt.
903 1999 1015 2060 orbitas
1047 2002 1107 2059 ista
1139 2003 1198 2075 est,
1229 2018 1290 2059 non

270 2088 449 2168 propagatio
473 2090 629 2168 sanguinis
652 2088 737 2148 etin
759 2089 817 2147 boo
839 2089 1045 2150 factodomus
1072 2092 1193 2150 nostrae
1221 2090 1289 2148 soli·

268 2179 344 2239 tudo
380 2180 533 2256 perpetua.
580 2178 647 2254 quis
682 2179 738 2238 erit
773 2177 826 2237 ille
862 2178 1001 2239 fimareus
1038 2179 1100 2239 dies
1134 2199 1193 2256 quo
1225 2180 1289 2239 sine

269 2288 322 2345 spe
358 2269 473 2328 reditus
504 2268 552 2328 bis
588 2269 677 2327 terris
712 2268 884 2328 miseranda
920 2269 1129 2345 deportabitur
1160 2271 1289 2329 aeternis

223 2373 250 2412 so
267 2361 394 2417 matrem
418 2358 551 2417 lacrimis
573 2356 737 2416 relictura?
783 2357 891 2432 quodsi
914 2361 944 2417 te
972 2377 1033 2417 non
1056 2358 1289 2435 peregrinorum,

269 2446 322 2506 sed
348 2448 468 2506 exulum
495 2447 583 2508 favor
608 2446 640 2504 in
671 2464 758 2505 suum
790 2447 977 2505 commodum
1005 2447 1098 2506 traxit
1124 2449 1289 2522 incautum,

268 2535 399 2612 perfidae
427 2536 525 2614 gentis
554 2537 624 2595 ante
652 2539 807 2612 gestorum
830 2535 975 2595 debueras
1000 2537 1135 2614 exempla
1158 2540 1288 2596 tractare

269 2629 301 2685 et
322 2627 471 2685 recentem
493 2625 636 2684 facinoris
659 2624 778 2683 infandi
799 2643 950 2684 recensere
973 2627 1156 2686 memoriam.
1194 2626 1287 2701 Phry·

269 2715 337 2793 gius
358 2715 411 2773 ille
428 2714 530 2773 fuerat
551 2715 656 2791 pastor
679 2733 767 2790 quem
789 2714 822 2771 in
844 2717 936 2790 raptu
957 2717 1059 2792 regiae
1081 2714 1216 2792 coniugis
1235 2734 1289 2773 nec

223 2819 250 2860 rc
267 2807 463 2881 praesumpta
494 2804 646 2863 temeritas
678 2822 732 2862 nee
758 2805 908 2861 terrarum
938 2807 1055 2862 remota
1081 2805 1201 2880 penitus
1230 2803 1288 2862 dis·

268 2894 389 2969 paratio
418 2893 580 2952 revocavit.
630 2895 750 2951 tantum
776 2892 931 2968 praedicto
958 2892 1057 2967 licuit,
1084 2895 1120 2951 ut
1145 2892 1288 2968 ignobilis

268 2981 373 3042 ovium
395 2984 494 3041 custos
522 2981 746 3040 Lacedaemona
772 2982 878 3055 petens
905 2983 993 3059 longe
1021 2981 1180 3040 discretam
1209 2982 1288 3060 regis

269 3072 440 3149 coniugem,
464 3069 546 3129 Leda
561 3070 658 3149 regali
675 3072 809 3148 genitam
827 3073 936 3146 matre,
955 3071 1083 3130 rexisset
1101 3071 1141 3129 ad
1159 3070 1287 3130 Troiam.

269 3160 345 3237 quid
362 3179 422 3220 non
441 3159 571 3218 audeant
588 3160 678 3233 tales,
697 3178 766 3218 cum
784 3159 824 3217 ad
842 3160 967 3218 solitum
985 3159 1103 3219 sceleris
1121 3159 1287 3236 praemium

223 3267 250 3306 ac
267 3250 333 3310 sine
364 3249 466 3308 labore
498 3247 709 3325 pervenerint?
760 3248 848 3324 quid,
888 3249 1026 3324 inquam,
1061 3268 1122 3309 non
1158 3249 1289 3309 audeant

268 3337 378 3416 quibus
414 3338 603 3413 inopinatum
640 3338 768 3414 praedae
805 3337 994 3397 commodum
1034 3357 1094 3397 non
1133 3340 1289 3414 quaeritur

342 3527 473 3580 thoraca
490 3523 517 3578 V
535 3540 627 3579 eoram
646 3524 688 3578 ed.
754 3525 901 3580 tuccitor
918 3524 944 3579 V
962 3525 1077 3580 docetur
1094 3525 1137 3578 ed.
1203 3530 1218 3578 6
1243 3526 1288 3580 ob·

266 3599 332 3652 iecit
357 3597 400 3651 ed.
475 3601 490 3650 7
515 3597 650 3666 iwnpctar
667 3595 693 3649 V
716 3613 785 3651 corr.
805 3596 848 3650 ed.
882 3596 885 3667 l
919 3597 968 3650 obi
993 3603 1033 3651 est
1056 3613 1125 3651 cura
1145 3597 1245 3663 fratris
1262 3596 1288 3650 V

267 3686 322 3723 om.
338 3667 382 3722 ed.
396 3669 490 3737 patris
507 3684 566 3722 nos.
620 3672 654 3720 16
672 3669 704 3721 ic
721 3669 864 3722 interitum
882 3667 926 3721 ed.
982 3672 1016 3721 19
1033 3667 1288 3736 ponobitered.

268 3745 302 3794 a1
322 3740 436 3794 excitum
449 3738 475 3793 V
494 3739 605 3795 ecclam
623 3738 667 3792 ed.
718 3745 752 3793 24
770 3744 883 3807 raptum
896 3738 922 3793 V
935 3738 981 3793 ed.
1028 3745 1066 3793 ab
1085 3740 1132 3795 dis
1148 3737 1296 3810 perottoV

266 3811 422 3936 {lampetio
436 3811 496 3934 edd
531 3816 564 3864 27
579 3810 801 3868 lacedaemonum
814 3809 849 3868 V.
901 3811 1091 3870 retardet.
1142 3818 1183 3866 tt.
1200 3822 1323 3879 woese-

278 3899 316 3936 ur
374 3897 439 3934 corr.
460 3897 502 3936 e,
