3142 4375
654 480 908 536 Annamosrn
1226 484 1290 550 639

268 654 316 713 eat
327 651 362 710 in
374 652 434 711 illis
448 650 572 712 vocibus
587 651 775 711 alacritatem
790 650 884 710 fuisse
896 650 1087 709 Teucrorum.
1110 650 1159 709 tlte
1171 651 1291 710 twmtlis
1301 664 1353 713 930

268 740 459 815 supplexque,
478 741 600 800 humilis
619 759 741 817 corpore
760 742 792 799 et
808 740 891 799 fastu
908 738 1018 799 reiecto
1035 758 1094 816 quo
1113 742 1203 799 antea
1216 740 1290 799 fere-

268 829 372 905 batur,
404 830 502 890 oculos
533 830 721 903 dectcmpac
744 832 915 902 precantem
938 829 1132 902 protendens:
1161 828 1290 903 equidem

267 920 364 979 merset
381 935 434 978 nec
451 920 596 992 deprecor,
614 920 721 992 incolt,
744 921 825 977 utere
842 921 918 977 sorte
935 921 1002 976 aa:
1024 937 1168 997 magnum
1185 920 1292 996 poetae

239 1007 426 1068 sinventum
455 1010 492 1067 ut
513 1008 632 1067 hastam
662 1027 722 1068 non
750 1007 783 1066 in
813 1026 879 1067 eam
909 1009 1026 1084 partem
1052 1009 1185 1085 eorporis
1215 1026 1292 1084 quae

268 1097 370 1157 letalis
393 1099 472 1157 esset
490 1096 600 1156 diceret
617 1097 801 1173 pervenisse,
824 1098 877 1156 sed
899 1096 932 1156 in
955 1115 1021 1156 eam
1039 1115 1117 1174 quae
1137 1100 1293 1173 superaret

268 1187 387 1247 hostem
409 1189 563 1246 ettamen
585 1186 690 1246 virum
713 1187 847 1246 servaret
876 1186 916 1246 ad
942 1204 1057 1264 preces3
1087 1187 1199 1263 quippe
1225 1188 1292 1263 ipso

268 1276 330 1335 fuit
343 1275 491 1352 supplicio
505 1274 589 1353 peius
598 1276 723 1351 propria
731 1294 804 1336 voce
817 1275 953 1335 confiteri
965 1293 997 1335 se
1005 1276 1119 1335 vietum
1134 1276 1165 1333 et
1176 1276 1293 1335 hostem

268 1383 358 1425 auum
381 1364 575 1440 pronuntiare
597 1366 742 1425 victorem
765 1363 963 1442 omnibusque
986 1383 1017 1423 se
1040 1364 1167 1442 dignum
1188 1366 1293 1441 poenis

227 1472 252 1513 ro
270 1454 323 1532 qui
336 1457 415 1514 esset
427 1452 545 1513 fortiori
559 1472 743 1532 congressus.
781 1473 846 1531 ego,
864 1453 974 1531 inquit,
991 1451 1071 1530 quod
1084 1454 1185 1530 patior
1197 1454 1294 1511 merui

268 1562 325 1603 nec
347 1544 464 1603 veniam
486 1546 570 1620 peto:
601 1545 644 1602 sio
672 1544 752 1602 enim
774 1544 910 1619 peccavi,
939 1542 1073 1602 uthans
1099 1541 1206 1601 mereri
1232 1562 1293 1601 non

269 1631 392 1711 possim.
424 1634 508 1691 utere
532 1635 610 1691 sorte
633 1635 700 1691 tua:
722 1630 850 1691 Lavinia
872 1635 919 1691 eet
940 1632 999 1690 ista
1022 1649 1086 1691 sors
1104 1636 1135 1689 et
1152 1632 1292 1690 interitus

270 1721 376 1781 Turni.
410 1722 512 1780 misem
533 1726 559 1780 tc
581 1722 609 1779 st
631 1721 844 1794 proparentis
867 1724 984 1794 tenpore
1007 1738 1080 1779 cura
1098 1723 1204 1792 potest,
1228 1737 1294 1778 oro:

269 1829 331 1870 non
349 1813 379 1869 te
398 1812 522 1887 propter
534 1829 581 1868 me
597 1828 671 1887 rogo
686 1811 740 1886 qui
757 1828 818 1869 non
832 1827 947 1868 mereor
959 1809 1087 1885 veniam,
1101 1808 1153 1868 sed
1170 1812 1295 1886 propter

224 1917 251 1959 rc
268 1900 421 1959 infelicem
443 1902 559 1975 patrem
581 1918 690 1958 meum.
717 1899 776 1972 fecit
799 1903 825 1957 et
846 1899 899 1957 titt
921 1898 990 1957 tells
1007 1896 1151 1957 Anchises
1171 1899 1292 1972 conitor,

270 1987 395 2064 [Dauni
416 1990 552 2047 monne
573 1986 731 2064 seocctch:
759 1985 896 2047 faciendo
927 1987 1170 2064 conparationem
1192 1987 1295 2048 miseri

270 2077 367 2157 pptris
391 2080 422 2137 et
444 2077 523 2137 senis
546 2080 691 2155 quantam
715 2078 847 2154 speravit
864 2078 1016 2136 moturum
1039 2095 1069 2136 se
1093 2095 1156 2137 esse
1179 2076 1294 2136 miseri·

271 2167 417 2242 cordiam,
440 2170 475 2227 ut
492 2166 544 2226 ille
563 2167 655 2228 flexus
675 2165 955 2227 commemoratione
973 2169 1117 2244 paternae
1134 2166 1293 2227 memoriae

270 2258 440 2336 promptior
462 2256 580 2316 veniam
603 2257 700 2316 daret!
730 2257 883 2331 miserere,
907 2256 1022 2334 inquit,
1045 2259 1180 2317 senectae
1198 2255 1293 2332 patris

224 2364 252 2404 sc
271 2345 344 2420 mei,
372 2347 546 2406 scilicetne
569 2345 730 2406 orbitatem
752 2345 796 2404 fili
818 2346 918 2405 luctus
941 2347 1084 2423 paternus
1108 2348 1246 2424 augeret,
1270 2347 1294 2405 si

271 2453 379 2511 eorpus
396 2438 521 2514 negaret
539 2435 636 2495 occisi.
664 2437 765 2512 potest
783 2437 814 2493 et
832 2434 883 2510 sio,
901 2438 936 2494 ut
954 2436 1083 2495 salutem
1100 2437 1197 2512 patris
1216 2435 1294 2495 senis

271 2527 304 2584 et
326 2524 424 2583 orbati
442 2526 663 2585 commendasse
681 2524 833 2598 videatur,
856 2544 893 2582 ne
917 2526 1004 2600 quasi
1022 2527 1109 2600 pater
1125 2525 1221 2584 hostis
1244 2544 1295 2583 ne·

271 2615 399 2674 caretur.
433 2618 530 2672 etms
556 2630 609 2672 sec
636 2630 741 2687 corpas
763 2614 921 2686 spoliatum
944 2614 1053 2671 turmine
1081 2614 1178 2671 meets
1206 2613 1295 2671 redde
1305 2622 1356 2672 935

270 2703 358 2762 mets:
381 2702 470 2762 redde
492 2703 580 2762 meis:
604 2721 669 2762 ecce
692 2702 744 2761 ubi
768 2701 899 2762 ostendit
922 2721 953 2761 se
975 2702 1051 2761 velle
1074 2703 1201 2778 servari3
1225 2704 1295 2777 post

225 2792 449 2869 repetitionem
472 2793 584 2868 quippe
606 2792 726 2852 nornine
744 2791 840 2867 patris
863 2790 1072 2868 interpositam
1095 2790 1179 2851 venit
1202 2791 1241 2849 ad
1264 2809 1294 2850 se

272 2882 304 2940 et
322 2882 366 2940 ait
384 2883 415 2940 et
432 2900 479 2940 me
498 2899 549 2940 seu
568 2900 674 2957 corpus
693 2881 857 2957 spoliatum
874 2880 986 2938 lumine
1004 2879 1114 2939 mavis:
1136 2898 1203 2939 eum
1222 2878 1295 2939 dicit

271 2988 338 3044 seu,
361 2970 418 3029 hoc
440 2970 559 3030 videtur
578 2968 675 3030 dicere
694 2970 823 3030 voluisse
841 2970 924 3045 quod
941 2970 1055 3046 pudore
1077 2968 1294 3028 interveniente

271 3078 333 3119 non
356 3058 433 3117 dixit
455 3061 598 3136 apertius.
631 3061 658 3120 si
680 3058 811 3120 volueris
834 3077 882 3117 me
905 3058 1050 3133 occidere,
1073 3059 1162 3119 redde
1186 3076 1294 3134 corpus

271 3167 373 3209 meum
400 3150 431 3206 et
457 3147 530 3208 meis
559 3149 761 3226 sepeliendum
788 3147 914 3207 concede
937 3149 994 3224 ait3
1024 3148 1150 3207 alteram
1177 3150 1295 3224 partem

225 3255 253 3295 so
272 3235 414 3298 servandi
443 3236 588 3314 supplicis
614 3239 679 3315 ipse
702 3236 891 3315 intellegeret
918 3239 949 3296 et
974 3236 1113 3312 inpleret.
1151 3237 1247 3296 vicisti
1270 3241 1296 3295 ct

271 3327 381 3387 ctctwm
398 3326 513 3385 tendere
527 3327 647 3400 palmas
665 3324 794 3386 Ausonii
814 3327 924 3395 otdere,
948 3330 1001 3385 toa
1018 3330 1060 3384 est
1077 3325 1212 3384 Lacinia
1229 3343 1295 3385 con·

271 3418 362 3476 tnnc:
384 3417 540 3492 utrosque,
559 3415 616 3490 ait,
639 3415 779 3475 viderant
796 3414 926 3475 Ausonii
944 3419 975 3474 et
993 3415 1104 3474 exitum
1124 3413 1294 3474 certaminis

272 3504 488 3583 probaverunt:
517 3523 565 3564 me
592 3504 707 3564 scilicet
733 3506 848 3566 victum
869 3503 1040 3563 tendentem
1067 3504 1184 3581 palmas
1212 3505 1243 3563 et
1264 3506 1295 3563 te

346 3663 379 3711 12
397 3674 508 3727 possum
523 3656 547 3710 V
562 3673 631 3713 corr.
647 3658 690 3712 ed.
717 3656 719 3727 l
745 3661 906 3712 utere-18
924 3658 1013 3713 Taurei
1031 3673 1084 3710 om.
1100 3655 1144 3710 ed.
1168 3656 1171 3727 l
1197 3671 1252 3710 esse
1269 3654 1295 3708 V

274 3735 314 3784 cst
338 3745 397 3782 nos.
480 3735 513 3784 16
539 3729 814 3784 Donni-senectae
838 3728 918 3783 deest
942 3729 973 3782 in
993 3727 1027 3794 V,
1053 3728 1103 3782 sed
1129 3726 1294 3796 explicatur.

276 3806 308 3855 1⁷
335 3805 470 3869 quantum
494 3800 538 3854 ed.
612 3804 646 3854 20
669 3801 785 3856 orbitate
806 3798 831 3853 V
849 3801 893 3854 ed.
919 3807 987 3855 dem
1010 3815 1068 3854 noa.
1098 3798 1102 3870 l
1137 3804 1247 3869 cuperet
1269 3796 1295 3850 V

274 3877 383 3927 -cretcr
401 3871 445 3926 ed.
518 3875 553 3924 30
570 3869 741 3928 serrandr'V
759 3871 846 3928 -dom
864 3871 909 3928 ed.
933 3871 945 3946 t
969 3870 1063 3942 ipaeV
1085 3876 1120 3925 at
1136 3869 1187 3923 em
