3142 4375
632 487 896 543 anuumosvm
1083 455 1087 469 ‘
1213 492 1275 555 127

257 660 284 716 si
303 657 461 718 verborum
480 659 667 733 conponatur
685 656 848 729 ordinatio,
869 676 971 715 eorum
990 657 1105 715 scilicet
1123 675 1200 732 quae
1218 675 1278 714 me-

256 750 374 805 trorum
402 765 492 806 causa
518 747 667 823 permixta
695 747 774 803 sunt.
821 745 864 803 sic
886 748 988 821 potest
1011 748 1041 803 et
1064 746 1147 803 aliud
1169 748 1277 804 vitium

257 835 377 913 corrigi,
395 837 422 894 si
439 836 493 895 fiat
511 835 674 909 ordinatim
693 834 776 909 prius
793 833 903 910 quippe
923 834 998 893 dixit
1015 836 1130 893 mactat
1148 837 1179 893 et
1197 834 1278 893 sistit

255 929 375 1001 postea,
403 943 472 983 cum
499 926 631 1000 primum
658 926 698 982 sit
716 925 835 999 sistere,
862 925 1024 982 secundum
1046 925 1185 982 mactare.
1233 942 1277 981 or·

222 1031 236 1072 1
256 1014 395 1073 dinamus
409 1033 480 1091 ergo
496 1016 550 1072 sic:
566 1033 656 1089 quam
670 1012 739 1088 pius
754 1015 872 1073 Aeneas
891 1012 948 1071 tibi
965 1014 1054 1085 enim,
1067 1012 1133 1088 tibi,
1146 1013 1278 1071 maxima

255 1102 347 1177 Iuno,
371 1102 410 1161 ad
431 1120 500 1171 aras
524 1121 592 1161 cum
615 1122 704 1179 grege
728 1104 809 1162 sistit
832 1104 863 1159 et
882 1121 966 1161 sacra
984 1102 1081 1161 ferens
1101 1121 1170 1162 cum
1188 1120 1278 1180 grege

254 1194 384 1267 mactat3
407 1209 476 1249 cum
500 1212 589 1268 grego
614 1191 693 1249 enim
715 1191 761 1250 bis
787 1190 926 1250 debemus
957 1193 1099 1268 accipere.
1152 1192 1278 1265 Thybris

256 1299 292 1341 ea
314 1282 447 1352 anetam,
472 1298 561 1353 qnam
585 1281 739 1353 longeest,
758 1285 1012 1340 noetetnmentem
1031 1282 1126 1340 leniit:
1149 1281 1278 1357 Thybris

256 1390 375 1430 omnem
397 1372 529 1443 noctem,
552 1370 585 1427 in
608 1372 756 1445 quantum
778 1370 878 1429 fuerat
901 1370 1001 1448 longa,
1028 1370 1155 1430 fluvium
1182 1372 1277 1444 leniit,

207 1476 238 1518 m
255 1461 312 1519 hoc
343 1462 389 1518 est
418 1478 530 1535 aquam
560 1460 739 1518 vorticosam
768 1460 900 1518 fluminis
925 1462 981 1519 sni.
1028 1478 1120 1536 supra
1143 1462 1224 1518 enim
1247 1463 1278 1517 11

256 1548 384 1625 septimo
404 1548 480 1607 libro
506 1540 578 1629 (31)
603 1551 647 1606 ait
670 1547 850 1622 „verticibus
872 1549 986 1624 rapidis
1011 1551 1041 1607 11
1063 1550 1160 1608 multa
1182 1550 1278 1607 flavus

255 1639 368 1697 harena
398 1639 431 1695 in
460 1657 541 1695 mare
575 1636 771 1714 prorumpit.“
827 1640 880 1713 qui
908 1657 945 1695 ne
975 1639 1046 1697 talis
1076 1640 1154 1697 esset
1176 1638 1278 1696 Aenea

256 1729 447 1805 navigatura,
461 1726 614 1801 placidum
632 1727 744 1785 fecerat
758 1726 812 1802 qui
825 1726 956 1785 faciendi
969 1726 1075 1784 habuit
1089 1729 1277 1803 potestatem.

256 1820 375 1875 noctem
402 1817 550 1893 prolixam
578 1818 691 1893 posuit,
719 1816 880 1874 hiemalem
904 1814 1030 1874 sufficet:
1054 1816 1200 1891 probatur
1221 1816 1278 1875 hoc

210 1918 237 1961 ro
257 1926 293 1965 ex
322 1926 369 1981 eo,
401 1909 473 1983 quia
500 1906 624 1964 Aenean
655 1906 730 1964 dixit
760 1906 815 1963 sub
848 1904 941 1982 gelidi
970 1904 1100 1964 aetheris
1129 1925 1182 1964 axe
1210 1925 1277 1981 pro·

258 1996 407 2069 cubuisse,
434 1997 490 2053 hoo
518 1997 564 2053 est
590 1995 623 2053 11
652 1995 717 2052 loco
746 1996 890 2070 pruinoso
918 2015 954 2052 ex
976 1994 1082 2053 hiemis
1106 2012 1207 2053 causa.
1253 1999 1279 2053 et

257 2086 346 2143 tacita
375 2086 502 2155 refluens
531 2085 574 2142 ita
603 2084 731 2142 snbstr'te't
759 2084 843 2141 anda
871 2078 966 2142 mltis:
997 2087 1040 2143 sie
1067 2084 1150 2143 mitis
1180 2085 1278 2142 fuerat

256 2173 353 2233 factus
376 2174 458 2233 unda
480 2174 622 2233 refluente
650 2174 706 2232 hoc
734 2174 779 2232 est
805 2192 941 2249 repressa
970 2175 1000 2233 11
1026 2177 1159 2248 1111111,
1186 2177 1220 2232 nt
1245 2174 1278 2232 c'n

256 2279 365 2320 morem
394 2265 491 2337 stapna'
516 2264 709 2336 placidaeque
733 2263 859 2335 potants
887 2267 1027 2322 sterneret
1053 2281 1161 2336 aeqnor
1183 2264 1277 2337 aean,

208 2366 238 2406 ao
257 2348 352 2423 [remo
370 2356 402 2409 nt
426 2353 570 2411 laetamen
593 2350 736 2426 abessetJ:
759 2354 847 2411 tanta
864 2351 946 2410 illius
965 2351 1097 2411 fluminis
1115 2353 1276 2429 placiditas

258 2438 393 2511 11111111
424 2458 478 2498 nec
508 2459 615 2499 sonum
645 2441 777 2517 aliquem
806 2442 941 2500 mitteret
969 2442 1102 2500 cadentis
1125 2441 1224 2501 undae
1248 2444 1278 2501 et

256 2529 379 2587 remotis
402 2529 569 2588 tumoribus
591 2530 747 2606 praeberet
769 2531 878 2589 faciem
901 2531 1014 2607 stagni,
1040 2531 1072 2588 in
1095 2532 1215 2589 tantum
1242 2534 1278 2590 ut

257 2618 347 2675 remis
375 2617 525 2676 luctamen
553 2637 612 2677 non
643 2620 823 2694 superasset.
870 2637 936 2693 erpo
961 2621 1014 2678 e'ter
1035 2621 1181 2692 inceptam
1209 2621 1321 2682 cele-90

256 2711 327 2765 rant
355 2725 471 2765 ramore
500 2709 642 2766 secando:
671 2708 730 2766 iter
759 2707 836 2767 dixit
864 2708 959 2784 ipsius
982 2708 1113 2768 fluminis
1136 2711 1277 2783 tractum,

210 2809 238 2850 ss
257 2814 318 2853 non
341 2797 422 2871 quod
444 2815 534 2856 nares
558 2801 716 2872 tamquam
742 2798 775 2856 in
802 2800 884 2856 terra
912 2796 1109 2856 ambularent.
1159 2817 1277 2856 rumore

257 2885 400 2944 secundo:
435 2905 576 2962 prospero
607 2907 755 2963 aquarum
785 2906 943 2946 murmure.
997 2905 1115 2945 rumore
1148 2887 1277 2946 secundo

256 2976 357 3049 potest
375 2977 467 3033 etiam
485 2977 528 3034 sie
545 2977 691 3054 intellegi,
711 2979 746 3036 111
763 2977 831 3035 ideo
846 2976 971 3034 Troiani
989 2974 1158 3054 peragendo
1178 2977 1277 3050 spatio

256 3063 388 3125 fluminis
412 3082 533 3138 operam
557 3065 671 3141 darent,
694 3066 775 3142 quod
799 3065 925 3125 animati
947 3066 1068 3124 fuerant
1086 3065 1277 3140 opinionibus

256 3154 407 3229 prosperis
431 3157 462 3211 et
484 3153 522 3212 ad
546 3155 692 3229 optimam
712 3173 796 3230 spem
814 3154 1024 3231 properabant.
1062 3155 1172 3212 labitur
1188 3158 1278 3213 anan

208 3253 237 3294 m
256 3242 343 3300 nadis
366 3243 461 3301 abies:
488 3262 578 3304 naves
602 3243 641 3302 ad
667 3263 755 3302 usum
783 3244 874 3302 maris
898 3244 1020 3303 effectae
1047 3243 1224 3303 labebantur
1244 3244 1277 3302 in

256 3329 342 3390 vadis
365 3332 421 3391 hoo
439 3334 535 3391 estin
552 3333 674 3390 flumine
693 3334 775 3407 qnod
793 3334 833 3390 ad
850 3334 946 3392 vicem
964 3332 1110 3393 vadorum
1128 3337 1277 3394 straverat

329 3519 489 3586 2111111111
502 3519 617 3574 olindV
630 3521 708 3574 etsa'c
720 3537 748 3587 p.
764 3538 790 3574 a.
806 3520 850 3574 ed.
864 3521 903 3574 sic
914 3537 943 3588 p.
959 3527 984 3575 et
998 3538 1023 3575 a.
1039 3537 1097 3574 nos.
1154 3523 1277 3591 6911911

255 3590 304 3644 stit
317 3588 343 3641 V
362 3607 430 3644 corr.
451 3590 494 3645 ed.
569 3596 603 3644 10
625 3593 784 3647 verticosum
802 3591 829 3645 V
850 3593 997 3646 verticibus
1019 3592 1205 3647 abundantem
1233 3593 1276 3646 ed.

257 3665 291 3714 12
305 3662 417 3716 Aeneae
437 3662 481 3717 ed.
537 3669 571 3716 14
590 3663 701 3717 diuitem
715 3664 857 3731 protinam
870 3662 897 3716 V
913 3670 1018 3718 noctem
1032 3681 1077 3732 pr.
1097 3680 1148 3716 nos
1167 3664 1277 3718 divitem

255 3738 359 3786 nortem
373 3749 418 3801 pr.
439 3734 482 3788 ed.
554 3739 588 3787 20
605 3735 830 3788 remo—abesset
848 3734 927 3788 deest
945 3735 976 3788 in
989 3734 1023 3799 V,
1042 3735 1092 3789 sed
1111 3734 1285 3802 explicatur.

255 3807 290 3856 22
313 3804 346 3857 in
367 3811 476 3860 tantam
489 3837 522 3845 -
538 3811 571 3859 23
592 3812 745 3873 superasset
767 3822 823 3862 om.
846 3823 880 3861 ac
896 3807 1073 3877 tranquillae
1090 3806 1213 3876 putatu
1229 3802 1302 3856 1111-

255 3873 351 3928 stituit
373 3875 414 3929 111,
488 3882 522 3930 24
545 3878 642 3932 r'ter—
659 3883 694 3934 26
712 3879 836 3937 semmado
857 3898 916 3937 om.
935 3880 984 3936 ed.
1060 3885 1099 3934 ’11
1119 3872 1248 3931 wadisV
1271 3869 1324 3920 ab·
1372 3906 1379 3989 ,
