3142 4375
611 546 613 548 ,
671 461 855 555 spumeos
870 500 922 555 vu
1261 504 1307 567 Ι9

285 670 338 730 bat
368 672 471 729 tamen
502 670 534 728 in
567 688 601 729 eo
633 688 745 747 magna
776 671 952 746 prospectus
984 669 1097 747 gralia,
1132 669 1212 746 quod
1248 688 1308 727 non

285 780 424 835 caenum,
447 760 500 819 sed
522 760 649 818 harenas
674 757 847 835 splendidas
868 759 1009 818 trahebat
1025 759 1058 817 in
1075 777 1167 819 mare.
1205 760 1309 818 uariae

285 851 450 922 urumque
467 866 616 922 supraque
634 848 773 907 adsuetae
791 848 867 921 ripis
884 848 1015 907 uoueues
1033 852 1060 906 el
1076 848 1209 919 fluuluis
1228 849 1309 907 alueo

285 940 404 998 uellera
425 940 590 997 mulcebant
612 941 701 996 cautu
724 938 843 1009 luceque
858 938 1018 996 'uolabuuls
1048 937 1188 996 hilaritas
1208 937 1309 996 avium

255 1029 465 1105 spopulorum
496 1026 645 1086 laetitiam
674 1025 872 1104 significabat.
918 1027 961 1086 sio
990 1028 1093 1085 autem
1122 1027 1220 1085 laetus
1250 1025 1310 1084 fnit

286 1118 404 1176 Aeneae
435 1116 625 1176 adventantis
654 1114 820 1193 ingressus,
849 1117 885 1174 ut
912 1115 1036 1192 obsequi
1058 1114 1230 1176 viderentur
1252 1115 1309 1173 ele·

286 1209 388 1266 menta
411 1209 441 1264 et
464 1224 534 1266 aves
559 1223 677 1281 quoque
702 1206 786 1281 ipsae
810 1204 958 1281 gratulari
980 1204 1162 1264 viderentur.
1207 1204 1310 1263 variae

287 1296 456 1372 circumque
489 1312 639 1370 supraque
671 1294 814 1354 adsuetae
845 1294 921 1369 ripis
952 1294 1088 1353 volueres
1119 1295 1150 1351 et
1177 1292 1310 1352 fluminis

287 1385 372 1444 alv'eo
401 1384 523 1443 aethera
550 1383 720 1442 mulcebant
748 1384 854 1441 cantu:
890 1382 967 1441 mira
992 1383 1145 1442 eeleritate
1168 1384 1312 1459 quattuor

242 1494 269 1535 ro
287 1474 382 1550 partis
402 1472 568 1548 descripsit,
583 1473 693 1549 quippe
712 1473 824 1531 circum
843 1471 993 1549 signifieat
1011 1471 1172 1546 dexteram,
1184 1472 1311 1546 laevam,

288 1581 307 1620 a
329 1565 415 1638 tergo
439 1563 470 1618 et
492 1563 569 1621 ante.
619 1561 694 1619 item
724 1560 799 1621 duas
828 1560 910 1620 infra
940 1563 970 1620 et
999 1580 1103 1637 supra3
1133 1581 1204 1620 nam
1231 1560 1320 1619 infra

288 1649 420 1709 ostendit
443 1651 522 1727 quod
545 1650 590 1709 ait
611 1650 742 1709 fluminis
767 1650 867 1725 alveo,
890 1668 982 1727 supra
1000 1651 1122 1710 aethera
1139 1650 1313 1709 mulcebant

288 1741 379 1798 cantu
401 1739 528 1816 lucoque
550 1739 704 1799 volabant.
748 1740 860 1809 flectere
886 1741 942 1798 lter
968 1740 1055 1798 sociis
1082 1744 1231 1812 terraeque
1258 1740 1312 1798 ael·
1331 1751 1365 1798 35

288 1832 395 1887 uertere
411 1846 523 1902 proras
545 1830 672 1902 imperat
694 1833 720 1886 et
742 1829 836 1887 laetus
858 1829 949 1898 riuulo
972 1829 1098 1887 succedit
1119 1845 1223 1901 opaco:
1260 1845 1312 1887 cur

244 1936 270 1977 15
288 1920 367 1977 enim
387 1916 453 1977 'illo'
479 1921 613 1994 tempore
642 1937 702 1976 non
729 1918 896 1975 laetaretur
924 1919 977 1994 qui
1004 1918 1166 1977 factionem
1188 1917 1312 1976 Iunonis

287 2007 426 2067 inimicae
457 2007 627 2066 constantia
657 2008 688 2065 et
739 2007 744 2018 '
777 2008 828 2065 ute
859 2006 1048 2083 superasset?
1094 2026 1147 2066 cur
1168 2025 1226 2065 non
1252 2006 1312 2065 lae-

286 2100 403 2157 taretur
430 2095 503 2157 visis
533 2098 581 2155 tot
611 2096 748 2172 auguriis
776 2114 811 2154 ao
839 2096 934 2173 signis
959 2096 1080 2155 futurae
1103 2094 1312 2172 prosperitatis

287 2185 381 2247 suae?
427 2205 479 2245 cur
501 2204 561 2244 non
585 2185 749 2245 laetaretur
775 2184 979 2262 periculorum
1007 2185 1099 2245 maris
1130 2185 1211 2244 omni
1242 2204 1314 2244 eura

288 2275 446 2353 deposita?
501 2285 504 2289 ’

245 2382 270 2422 so
358 2365 449 2424 Nuue
480 2381 547 2438 ape,
583 2365 633 2436 qul
664 2381 758 2438 repee,
792 2364 901 2432 Ereta
937 2380 1012 2436 quae
1043 2368 1173 2436 ccupare
1204 2381 1312 2433 uerum,

289 2454 354 2525 quie
385 2454 475 2512 Lau'o
512 2454 632 2525 autiquo
668 2453 760 2526 fuerit
794 2456 902 2522 elatus,
938 2453 1054 2510 adueua
1090 2454 1212 2511 classem
1248 2471 1314 2511 euuu

284 2543 418 2614 puluuuu
452 2541 597 2601 Ausouu‘ie
634 2542 774 2600 exercilus
813 2542 929 2614 appulit
964 2541 1037 2610 ore's,
1079 2542 1231 2615 expediam
1271 2540 1315 2616 [el
1334 2553 1368 2601 40

287 2632 403 2702 primae
442 2632 582 2690 reuocato
621 2632 741 2689 euorele'a
777 2629 933 2706 pupuael:
982 2650 1092 2708 magno
1127 2630 1249 2689 oonsilio
1285 2633 1315 2689 et

291 2719 447 2796 exquisitis
478 2720 702 2781 inventionibus
732 2719 852 2778 Aeneae
884 2719 988 2778 laudes
1021 2718 1209 2794 adcumulut3
1241 2718 1316 2777 facit

246 2824 273 2865 ss
292 2809 372 2866 enim
394 2827 506 2868 novum
529 2810 676 2868 adventus
699 2810 763 2868 eius
785 2808 920 2884 initium,
943 2827 1055 2868 novum
1077 2808 1232 2866 exordium
1252 2826 1315 2866 oar-

291 2896 395 2970 minis,
427 2901 463 2956 ut
493 2917 626 2957 errorum
659 2900 689 2957 et
720 2898 858 2957 laborum
890 2899 953 2956 eius
986 2898 1048 2956 alia
1076 2915 1146 2972 pars
1177 2895 1316 2956 videatur

292 3004 369 3060 esse,
405 2986 465 3044 alia
501 2990 653 3064 gestorum
689 2986 721 3045 in
755 2986 856 3045 Italia.
910 2987 1034 3046 invocat
1067 2985 1163 3063 igitur
1198 2986 1316 3046 Musam

292 3077 451 3152 poetarum
486 3094 580 3150 more,
620 3095 696 3153 quae
733 3075 885 3136 invocatio
922 3076 1113 3136 vehementer
1147 3075 1316 3135 necessaria

293 3163 426 3224 eontinet
458 3166 490 3222 et
519 3164 578 3240 ipsi
609 3164 779 3224 laudationi
811 3164 972 3241 profutura
1000 3163 1130 3222 hominis
1160 3165 1256 3223 felicis
1286 3167 1317 3224 et

247 3254 389 3312 solertis
444 3252 549 3312 debuit
585 3255 696 3331 quippe
733 3253 895 3330 posteritas
931 3271 1018 3312 nosse
1055 3253 1174 3328 qualem
1208 3254 1317 3313 Italiae

292 3342 508 3419 rempublicam
536 3343 584 3401 vel
612 3362 702 3418 quem
727 3344 842 3401 statum
863 3362 915 3401 rex
938 3343 1137 3402 Troianorum
1159 3344 1317 3419 invenerit

294 3434 346 3507 qui
368 3451 452 3510 reges
475 3451 541 3491 eam
564 3432 613 3490 vel
637 3431 691 3490 sub
715 3451 775 3508 quo
799 3434 909 3491 eventu
931 3432 1069 3491 fortunae
1089 3434 1255 3509 tenuerint,
1273 3437 1317 3507 ut,

364 3605 380 3653 o
395 3570 639 3670 populueuu'ied.
714 3606 728 3653 '1
748 3603 806 3673 ipse
821 3601 852 3655 V.
875 3601 878 3673 l
900 3602 1058 3657 uidereuteu
1075 3601 1120 3656 bis
1139 3600 1165 3655 V
1184 3602 1227 3656 ed.
1248 3602 1317 3655 alte-

293 3689 356 3725 rum
375 3672 525 3726 delendum
544 3675 622 3742 puto.
696 3677 730 3726 10
748 3674 889 3744 siguificat
906 3672 931 3724 V
955 3674 1039 3728 -abat
1060 3673 1103 3727 ed.
1135 3675 1141 3742 l
1169 3672 1319 3726 laeuam*

294 3744 354 3798 etl.
374 3744 417 3799 ed.
473 3749 505 3798 21
526 3746 726 3814 cumprimum
740 3744 772 3798 V.
827 3751 861 3799 22
881 3751 994 3801 et-‘lt
1013 3761 1131 3815 pupuoe
1149 3742 1240 3793 isset
1252 3734 1355 3787 'ifle

294 3815 344 3868 sed
362 3815 527 3884 explicatur.
579 3823 613 3870 24
632 3817 727 3874 laudis
740 3815 775 3873 V.
832 3823 869 3874 25
889 3817 1002 3875 ΜυοἾ
1020 3817 1093 3872 uooi
1110 3812 1291 3866 eumaeum
1299 3811 1374 3848 ω-

295 3890 329 3938 26
347 3902 466 3942 mauu
483 3886 546 3945 Vet
557 3907 608 3948 err.
625 3891 671 3948 ed.
730 3897 766 3948 22
782 3900 808 3950 et
823 3894 978 3965 ipsi—‘eo
994 3889 1086 3959 fortis
1102 3887 1230 3938 temere
1240 3867 1326 3924 mut
1339 3857 1388 3908 ὠ
