3142 4375
562 549 566 556 .
662 504 846 560 nunninae
860 504 913 559 vn
1230 508 1294 575 109
1358 543 1359 549 κ

272 671 474 750 militarisque
503 673 650 733 nectebat.
696 692 804 733 aarum
834 672 898 733 illic
929 675 1102 751 ostrumque
1130 678 1295 751 supererat,

273 763 318 823 sic
340 764 457 838 tamen,
478 764 514 822 ut
535 762 656 841 reginae
680 765 759 823 esset
774 764 887 839 totum,
909 782 970 823 non
990 782 1049 840 quo
1072 762 1133 824 illis
1152 762 1296 824 delectari

272 849 427 913 videretur
449 870 527 928 quae
549 850 692 911 tendebat
715 850 753 911 ad
771 851 893 911 bellum.
925 852 1052 927 Ipciam
1073 857 1107 911 at
1125 857 1210 927 perat
1226 854 1296 927 ipsa

266 940 445 1015 pharetram
473 945 500 1000 ct
522 941 705 1014 pastoratem
730 942 871 1014 pracfiaa
899 941 1019 1015 cuspide
1047 946 1189 1016 mpmma:
1215 941 1296 1002 inter

241 1031 375 1091 coetera
397 1030 490 1089 etiam
510 1029 566 1090 illa
587 1030 756 1090 mirabatur
778 1029 943 1091 multitudo
970 1030 1185 1108 spectantium,
1212 1031 1296 1108 quod

271 1118 412 1179 incedens
443 1137 527 1178 arma
557 1136 612 1179 sua
640 1118 708 1197 ipsa
736 1119 893 1197 portabat,
921 1120 1094 1197 pharetram
1121 1120 1236 1180 scilicet
1265 1123 1296 1181 et

272 1208 395 1268 hastam
407 1209 556 1285 myrteam
569 1209 701 1285 praefixo
719 1209 799 1269 ferro
817 1208 994 1288 grauiorem,
1012 1228 1091 1287 qnae
1109 1211 1189 1269 tanti
1203 1210 1296 1270 etiam

271 1298 343 1375 ipsa
362 1295 479 1358 roboris
502 1297 577 1373 fnit,
603 1300 639 1358 ut
667 1298 707 1358 ad
732 1317 822 1359 usum
849 1300 1007 1375 pastorum
1032 1299 1159 1359 fortium
1185 1302 1295 1376 parata

271 1388 441 1464 putaretur.

227 1496 255 1537 ro
346 1474 427 1546 Quae
441 1494 533 1553 supra
547 1477 660 1554 scripta
679 1478 749 1535 sunt
761 1476 914 1553 pertinent
930 1474 968 1534 ad
982 1477 1145 1535 extremam
1162 1495 1295 1553 manum,

272 1583 368 1642 quarn
384 1565 520 1641 inposuit
533 1565 610 1625 Iuno
628 1585 683 1643 per
694 1565 830 1641 Furiam3
852 1563 1063 1641 perfectionem
1083 1567 1185 1624 autem
1203 1566 1295 1645 signi·

272 1654 363 1714 ficare
386 1657 549 1714 extremam
566 1674 688 1714 manum
708 1653 778 1713 inde
801 1653 898 1731 magis
917 1653 1088 1730 apparebit,
1111 1655 1137 1713 si
1156 1656 1294 1715 ostenda·

271 1761 342 1803 mus
363 1742 396 1801 in
418 1742 485 1821 ipso
507 1743 643 1822 Vergilio
667 1744 779 1804 dictam
801 1744 894 1802 etiam
915 1744 1045 1820 primam
1061 1760 1199 1801 manum:
1223 1744 1295 1821 quia

272 1832 372 1910 prima
394 1851 501 1892 manus
520 1851 580 1892 non
599 1834 711 1892 dicitur
728 1832 788 1892 nisi
807 1851 883 1909 quae
900 1832 1010 1892 habeat
1028 1832 1181 1909 sequentis
1198 1850 1295 1909 usque

227 1939 254 1980 rs
273 1919 315 1980 ad
337 1922 512 1997 extremam,
535 1925 667 1982 extrema
689 1940 749 1980 non
770 1920 882 1981 dicitur
902 1920 963 1981 nisi
981 1941 1058 1998 quae
1075 1922 1185 1981 habeat
1208 1939 1296 1998 supe-

272 2009 368 2070 riores
381 2028 475 2085 usque
490 2011 529 2069 ad
541 2010 679 2088 primam.
707 2001 757 2069 hio
774 2010 870 2089 igitur
887 2010 964 2070 dixit
981 2014 1146 2070 extremam
1162 2030 1297 2086 manum,-

272 2098 328 2158 ubi
338 2098 525 2176 perficiendis
539 2101 628 2160 rebus
641 2099 818 2159 intendebat
831 2118 962 2177 operam
974 2100 1007 2158 in
1020 2101 1178 2159 undecimo
1191 2103 1295 2159 autem

271 2187 352 2249 libro
366 2179 461 2270 (505)
475 2188 595 2249 induxit
609 2189 768 2249 Camillam
786 2189 896 2250 dixism
914 2210 984 2266 „me
1002 2191 1066 2249 sine
1085 2190 1184 2268 prima
1201 2209 1295 2250 mauu

271 2280 423 2355 temptare
439 2279 574 2355 pericula
589 2277 683 2338 belli“
698 2271 769 2360 (hoo
783 2282 830 2339 est
841 2280 973 2357 incipere
986 2299 1105 2358 pugnae
1120 2273 1294 2360 certamen),

227 2384 256 2425 ro
272 2368 333 2443 „tu
350 2367 440 2444 pedes
460 2367 498 2427 ad
516 2387 619 2429 muros
637 2367 764 2428 subsiste
783 2371 815 2428 et
831 2368 950 2428 moenia
967 2367 1085 2445 serva“,
1104 2372 1241 2429 secutum
1258 2371 1298 2428 ut

271 2455 531 2533 reliqua'Turnus
558 2457 687 2535 inpleret
713 2461 834 2534 praeter
855 2459 916 2517 ista
939 2477 1016 2535 quae
1041 2458 1130 2518 huius
1153 2458 1224 2518 libri
1246 2477 1294 2517 ex-

271 2544 384 2622 positio
408 2545 548 2606 continet.
583 2548 675 2606 etiam
692 2546 771 2606 illud
789 2547 942 2606 sciendum
964 2550 1010 2607 est
1028 2548 1109 2625 quod
1127 2566 1215 2624 saepe
1233 2547 1297 2606 iam

272 2632 419 2709 diximus,
442 2635 546 2695 laudes
569 2635 689 2695 Aeneae
712 2636 805 2696 libros
828 2637 924 2696 omnis
948 2636 1111 2711 continere,
1140 2635 1193 2696 sed
1215 2637 1297 2696 hunc

347 2828 362 2876 1
381 2829 493 2892 ruperat
505 2823 532 2877 V
549 2825 660 2878 sabmat
677 2823 720 2879 ed.
739 2830 883 2892 supererat
899 2839 950 2877 nos
969 2822 1003 2876 cf.
1019 2827 1044 2889 8,
1055 2827 1098 2877 28.
1170 2829 1186 2876 2
1209 2823 1297 2878 delec-

272 2899 334 2949 tare
347 2892 373 2946 V
391 2895 435 2948 ·m'
453 2894 496 2948 ed.
565 2900 581 2948 3
599 2897 690 2963 ipsam
703 2894 737 2948 V.
806 2896 994 2963 apracfiaam
1012 2896 1111 2948 contra
1128 2893 1244 2962 interpr.
1259 2894 1294 2948 V.

273 2966 513 3033 conponentium
525 2964 552 3018 V
566 2982 635 3020 corr.
650 2966 694 3021 ed.
768 2966 950 3021 timendam
963 2965 989 3019 V
1003 2982 1072 3019 corr.
1088 2965 1131 3021 ed.
1206 2971 1221 3019 9
1238 2982 1295 3035 pa-

272 3040 380 3090 toretur
393 3034 420 3088 V
432 3037 569 3091 uideretur
583 3037 626 3091 ed.
682 3043 715 3091 11
727 3054 779 3106 per
791 3037 899 3103 famam
907 3037 934 3091 V
943 3036 986 3091 ed.
997 3039 1128 3105 expectes
1137 3043 1202 3105 post
1214 3038 1235 3104 f.
1249 3036 1295 3091 vel

267 3122 323 3176 pcr
334 3107 356 3173 f.
370 3109 440 3162 actia
455 3107 489 3162 cf.
500 3113 560 3161 572.
582 3108 585 3180 i
606 3110 671 3176 post
685 3115 776 3163 natam
790 3108 861 3162 haec
875 3110 1030 3176 sequuntur
1043 3107 1074 3161 in
1087 3108 1122 3162 V:
1138 3108 1297 3178 sipmificarc

273 3182 423 3233 carreriam
444 3197 558 3234 mamam
580 3181 644 3235 mdc
666 3197 769 3250 mapma
789 3181 932 3248 apparebit
949 3181 975 3234 ai
993 3179 1167 3234 ostcmdamaa
1184 3181 1295 3248 inipso

279 3250 400 3320 Vcrpelio
422 3250 497 3305 dicta
521 3267 582 3305 mea
603 3252 697 3320 prima
721 3268 835 3306 mamma
852 3251 979 3320 pprima
996 3268 1096 3306 mamae
1112 3257 1208 3306 matra
1226 3252 1297 3306 dicit

272 3323 313 3376 M
331 3325 348 3392 d
365 3321 464 3376 babeat
480 3323 615 3390 separatis
632 3339 717 3390 acque
735 3322 773 3376 ad
790 3329 938 3378 extremam
960 3328 1084 3377 miramo
1101 3339 1157 3378 aaa
1175 3323 1244 3378 dicit
1261 3327 1295 3378 m‘s

272 3407 325 3516 fue
343 3392 443 3448 babeat
459 3394 611 3460 superiores
628 3410 713 3461 acque
727 3393 765 3447 ad
779 3395 915 3463 primam.-
933 3393 1049 3448 confusa
1063 3395 1129 3447 sunt
1142 3410 1214 3461 quae
1229 3392 1295 3447 aliie

284 3464 344 3518 ocis
363 3465 513 3518 occurrunt
532 3464 699 3533 compendia
715 3469 736 3532 d
754 3467 847 3534 (quae)
866 3467 895 3518 et
914 3482 943 3532 q‹
959 3464 1060 3534 (quia),
1083 3464 1152 3518 item
1170 3469 1204 3517 m
1218 3464 1293 3533 (nisi)

272 3539 312 3589 ira
330 3536 447 3604 (nostra)
466 3541 486 3587 fi
504 3536 593 3604 (non),
612 3552 663 3602 pro
684 3553 787 3605 mapaa
804 3538 881 3591 recte
899 3535 1007 3592 emend.
1026 3537 1115 3605 mapie
1133 3535 1166 3602 U,
1184 3535 1295 3603 reliqua

273 3622 338 3661 nos:
370 3607 695 3676 cipmificare-mamam
725 3609 795 3661 mut.
827 3608 985 3662 mdc—ad
1012 3608 1135 3676 primam
1167 3623 1220 3661 om.
1249 3606 1293 3661 cd.

274 3682 308 3735 17
328 3693 412 3747 opera
425 3677 451 3730 V
465 3677 507 3731 ed.
581 3682 615 3730 18
634 3694 694 3733 eam
711 3679 791 3732 illam
808 3678 835 3732 V
853 3679 896 3733 ed.
914 3681 948 3732 nt
966 3683 1009 3746 11,
1025 3683 1084 3733 717.
1120 3677 1123 3750 l
1157 3695 1199 3733 me
1220 3694 1296 3745 semp

272 3763 326 3818 pro
347 3765 391 3804 ma
411 3750 471 3804 ciac
488 3748 522 3803 V.
591 3753 625 3803 19
647 3750 731 3804 baias
753 3756 793 3805 eat
809 3749 836 3803 V
854 3749 898 3804 ed.
921 3751 970 3806 boc
991 3757 1032 3806 cst
1049 3766 1115 3804 nos.
1176 3753 1217 3801 ‘aa
1236 3754 1313 3801 amr-a

273 3820 348 3876 tader
370 3835 423 3888 pro
448 3825 479 3875 ta
495 3820 583 3890 pedes
603 3818 635 3876 V.
665 3819 670 3895 Ι
703 3821 869 3881 cacctmaV
895 3829 1025 3880 necatam
1045 3838 1104 3878 uos
1127 3819 1258 3888 sopatro
1281 3811 1333 3862 aa.

269 3895 307 3943 27
321 3896 363 3944 art
378 3906 429 3945 om.
450 3891 493 3947 cd.
569 3897 603 3948 23
622 3895 700 3954 humo
715 3895 741 3955 V
759 3899 796 3956 im
812 3899 867 3957 hoc
886 3897 936 3955 cd.
