3142 4375
654 485 839 541 AENEIDOS
857 485 909 539 XII
1226 486 1292 552 615

273 658 305 713 et
331 655 380 714 hic
404 654 542 715 Oreteum
569 654 643 714 dicit
668 654 891 731 interemptum.
931 653 1080 730 quomodo
1108 652 1204 731 igitur
1227 652 1292 711 fieri

272 746 375 821 potuit
396 748 431 804 ut
454 746 542 803 homo
565 762 642 805 unus
665 744 791 804 diversis
814 742 998 820 temporibus
1020 743 1067 802 bis
1090 741 1292 803 occideretur?

272 853 309 892 ne
333 834 421 909 quasi
443 835 615 894 inmemoris
638 834 744 911 poetae
767 833 876 893 vitium
903 831 1025 906 existat,
1052 833 1160 892 melius
1183 835 1229 893 est
1250 835 1293 892 sic

271 923 452 1001 intellegere,
471 926 507 982 ut
525 924 602 983 alter
615 924 667 982 ille
686 922 779 982 fuerit
792 922 828 982 de
842 941 902 999 quo
916 922 993 981 dixit
1011 913 1056 1002 (9,
1071 913 1151 1005 775)
1169 920 1293 997 „Cretes

236 1030 253 1070 s
271 1012 426 1072 Musarum
449 1014 601 1087 comitem,
629 1013 678 1071 cui
703 1013 836 1071 carmina
863 1031 979 1088 semper
1001 1013 1033 1070 et
1054 1012 1189 1071 citharae
1211 1009 1294 1071 cordi

271 1119 468 1176 numerosque
491 1101 644 1161 intendere
667 1100 796 1161 nervis“.
825 1100 967 1176 denique,
985 1099 1012 1159 si
1028 1100 1108 1158 idem
1126 1102 1219 1159 etiam
1236 1100 1293 1160 boc

270 1190 336 1251 loco
355 1191 471 1264 fuisset,
495 1191 569 1250 artis
587 1190 651 1251 eius
671 1194 701 1249 et
718 1191 860 1267 peritiam
877 1189 1009 1249 musicae
1022 1188 1165 1248 scientiae
1182 1190 1293 1249 itemm

270 1281 470 1355 praetulisset.
507 1298 560 1339 nec
582 1280 625 1339 del
647 1286 740 1339 tenere
764 1278 932 1352 &perenm
954 1277 1057 1337 Aenea
1079 1279 1209 1337 veniente
1230 1280 1354 1342 sensero

269 1368 373 1427 Aenea
402 1369 541 1429 veniente
570 1388 630 1428 uon
659 1369 823 1446 potuerunt
853 1366 1024 1444 Cupencum
1057 1366 1100 1425 dii
1128 1370 1176 1426 sni
1204 1369 1292 1426 tueri.

223 1479 251 1519 ιο
270 1458 350 1517 dedit
377 1459 464 1518 obolo
491 1458 572 1531 ferro
597 1463 717 1531 pectere
743 1475 797 1518 nec
823 1459 930 1517 misero
960 1457 1045 1530 ornet
1070 1474 1155 1515 moro
1177 1457 1294 1529 profuit

270 1548 364 1605 aeris:
392 1550 510 1606 tantum
533 1549 698 1623 oportunus
721 1548 781 1607 fuit
803 1547 842 1606 ad
864 1545 1068 1623 excipiendam
1090 1548 1230 1620 mortem,
1257 1548 1294 1605 ut

269 1637 357 1695 illum
379 1655 433 1695 nec
456 1636 499 1694 dii
517 1636 565 1696 sui
587 1655 642 1695 neo
663 1636 849 1695 munimenta
869 1636 1003 1712 corporis
1021 1636 1175 1712 potuerint
1193 1633 1293 1693 defen·

270 1743 345 1785 sare.
378 1726 444 1800 quis
467 1725 548 1785 enim
570 1725 643 1784 deus
665 1724 756 1784 inerti
773 1726 876 1800 posset
894 1724 1039 1783 auxilinm
1059 1723 1149 1798 ferre,
1172 1722 1292 1800 quando

270 1813 431 1874 adversum
453 1817 558 1890 pectus
585 1813 666 1873 ultro
690 1811 802 1872 obtulit
828 1814 906 1872 ferro
933 1815 1113 1889 tantumque
1144 1831 1175 1872 se
1206 1831 1292 1888 opor·

223 1921 250 1964 io
269 1906 378 1962 tunum
402 1904 554 1981 praebuit,
577 1907 614 1964 ut
635 1920 690 1962 nec
713 1902 832 1962 obiectu
855 1901 945 1979 clipei
965 1902 1084 1978 aliquas
1106 1903 1198 1961 morti
1221 1920 1292 1961 suae

269 2011 369 2053 moras
388 1992 538 2052 adferret?
569 1996 596 2052 le
609 1994 720 2068 precone
733 1991 900 2050 Laurentes
916 1989 1293 2063 neminemneminer·

270 2086 401 2155 oppetere
423 2086 450 2140 et
473 2082 529 2141 lete
551 2086 661 2142 terrene
683 2084 864 2141 consternere
887 2083 979 2154 terno:
1009 2079 1084 2138 dixit
1110 2084 1141 2139 et
1165 2079 1292 2139 Aeolum

270 2171 414 2247 occisum,
442 2170 493 2230 sed
520 2172 609 2232 huius
632 2174 723 2249 poeta
745 2169 871 2230 exitium
894 2189 954 2229 non
978 2168 1041 2229 sine
1064 2169 1184 2230 adfectu
1206 2170 1291 2229 mise·

269 2259 397 2320 rationis
421 2259 562 2335 inseruit,
590 2261 718 2337 denique
740 2261 848 2320 occidis
871 2261 927 2336 ait3
957 2260 1014 2318 hoc
1036 2259 1159 2319 verbum
1182 2259 1291 2320 occidis

223 2367 252 2410 ro
269 2348 419 2410 maiorum
441 2351 575 2426 personis
594 2353 729 2427 aptatur,
749 2349 814 2425 sed,
834 2349 975 2426 quoniam
993 2350 1073 2408 bunc
1092 2349 1128 2406 de
1147 2348 1292 2407 nobilium

269 2458 393 2498 numero
412 2440 478 2499 vult
496 2457 559 2499 esse
571 2439 733 2516 Vergilius,
748 2438 891 2499 occidisse
905 2456 973 2497 eum
988 2437 1072 2512 dixit
1090 2457 1150 2496 non
1164 2438 1292 2496 occisum

270 2548 342 2588 esse.
361 2527 492 2603 Arpr'ece
503 2545 587 2601 qnern
600 2546 660 2587 non
668 2533 790 2601 ponere
798 2529 964 2602 phelonpes
976 2531 1103 2585 sternere
1116 2527 1292 2585 neanome'
1301 2535 1353 2585 545

268 2635 426 2692 reqnorrnn
448 2635 562 2676 eversor
585 2615 728 2676 Achilles:
754 2617 870 2691 texisti,
893 2618 950 2690 ait,
973 2633 1096 2691 corpore
1118 2617 1173 2674 tuo
1195 2617 1291 2674 terras

270 2705 392 2780 Italiae,
424 2708 478 2782 qui
510 2705 769 2784 congredientibus
801 2704 980 2765 exercitibus
1012 2702 1131 2763 Graecis
1164 2706 1195 2763 et
1225 2705 1291 2780 ipso

223 2812 251 2856 rs
270 2795 401 2869 Achille,
431 2814 565 2856 eversore
588 2797 683 2854 totius
711 2796 808 2873 regni,
835 2814 896 2854 non
924 2792 1099 2853 occubuisti
1140 2811 1194 2869 per
1221 2811 1291 2869 apo·

270 2840 425 2960 strophain
443 2884 604 2944 formosam
623 2883 867 2987 conparationem
885 2884 1005 2942 induxit
1022 2882 1190 2959 exprimens
1207 2881 1240 2940 in
1256 2901 1292 2942 ea

271 2974 400 3033 dolentis
419 2973 584 3047 adfectum,
607 2974 692 3050 quasi
716 2975 743 3033 si
761 2972 874 3033 diceret
890 2971 1019 3049 potuisti
1036 2971 1167 3031 cadere
1158 2990 1191 3029 ιιι
1209 2971 1291 3050 geni·

269 3063 382 3123 talibus
405 3061 492 3122 terris
516 3065 547 3121 et
570 3081 588 3121 a
609 3062 782 3122 melioribus
805 3062 934 3138 percuti,
961 3081 1041 3120 nunc
1066 3061 1098 3118 in
1126 3060 1291 3139 peregrinis

269 3153 349 3213 iaces
373 3154 404 3211 et
425 3154 455 3211 te
478 3152 642 3228 prostravit
664 3151 796 3210 inferior
827 3152 874 3210 ln'c
895 3151 949 3210 tibi
969 3151 1071 3208 mortis
1089 3156 1174 3209 erent
1189 3154 1290 3219 rnetce,

223 3257 251 3300 eo
270 3242 375 3300 dennis
388 3240 450 3300 olto
464 3242 518 3300 snb
532 3241 607 3299 Idc:
624 3259 685 3299 non
702 3240 760 3299 tibi
774 3240 872 3300 defuit
889 3241 986 3299 virtus
1004 3240 1071 3314 tua,
1089 3238 1141 3298 sed
1160 3239 1291 3300 fatorum

269 3329 386 3390 ratione
404 3329 571 3406 perfectum
594 3332 640 3388 est
661 3331 697 3388 ut
718 3332 808 3389 natus
830 3329 862 3387 in
886 3327 954 3387 aliis
976 3329 1064 3387 terris
1082 3328 1204 3388 vivendi
1223 3328 1291 3388 finis

269 3439 305 3480 ac
324 3419 467 3478 terminos
487 3418 520 3476 in
539 3419 643 3477 alienis
661 3418 835 3496 regionibus
852 3417 1010 3477 invenires.
1041 3417 1171 3492 Injrnesc‘
1188 3417 1291 3476 domne

344 3587 517 3643 lrnnee‘ceV
535 3589 655 3643 mneicae
673 3594 699 3642 et
717 3588 761 3643 ed.
833 3588 1023 3656 80cpentnrn
1043 3587 1087 3642 ed.
1161 3587 1291 3641 9Aenec

268 3662 392 3716 veniente
415 3659 445 3712 in
467 3661 583 3742 interpr
603 3675 655 3712 orn.
676 3659 719 3713 ed.
794 3665 826 3713 11
847 3658 960 3714 aerisV
977 3660 1052 3713 cerei
1069 3658 1112 3712 ed.
1186 3662 1219 3711 12
1239 3674 1290 3726 po-

268 3737 383 3787 tnerunt
398 3730 424 3783 V
439 3731 581 3800 potnernrt
597 3746 648 3784 nos
664 3731 818 3799 percensent
835 3730 878 3783 ed
953 3735 986 3783 13
1004 3730 1089 3784 inerti
1103 3727 1129 3781 V
1146 3729 1229 3784 morti
1245 3728 1288 3784 ed

270 3803 307 3857 ef.
331 3807 357 3869 9,
375 3805 436 3856 686.
513 3806 545 3854 17
571 3801 672 3856 occidis
696 3800 824 3855 lemmati
852 3801 918 3855 add
941 3801 985 3856 ed.
1059 3805 1092 3854 18
1117 3801 1220 3854 exitum
1245 3800 1294 3852 ed

270 3844 638 3928 nleiirnnVenernned
713 3871 930 3929 ttsiommed
1001 3867 1272 3940 numerasset
