3142 4375
724 570 761 604 ,μ

296 614 392 673 adhuc
419 612 561 691 portabat
587 603 764 689 Mezentius}
792 612 865 672 item
892 614 1021 689 possunt¹
1044 614 1152 671 tumea
1178 612 1315 691 intellegi

295 722 372 780 quae
396 721 450 763 nec
472 702 568 762 hostis
591 720 694 761 necem
716 701 856 779 perficere
879 720 933 761 nec
956 702 1109 761 dominum
1132 704 1212 761 tueri
1230 700 1315 761 talu-

295 795 389 853 erunt.
436 796 463 851 et
498 792 542 851 bis
578 808 628 850 seu
665 791 784 851 thorum
814 791 940 864 petitmu
970 791 1195 865 perfossumque
1232 792 1367 851 locis:10

295 884 410 958 quanta
440 882 487 941 vis
519 880 579 939 fuit
609 879 697 940 istius
731 881 784 957 qui
815 879 971 939 duodecim
999 880 1098 957 plagis
1129 881 1224 940 occidi
1245 895 1315 940 ‘non

263 972 407 1048 cpotuitl
454 971 572 1029 constat
604 969 683 1028 enim
716 969 822 1028 dehinc
858 969 963 1048 iugulo
995 971 1165 1030 confossum
1198 969 1315 1030 dedisse

294 1060 454 1120 terminum
477 1060 566 1119 vitae.
613 1060 700 1136 aptat
722 1057 800 1117 dixit
823 1061 893 1135 apte
916 1058 1059 1135 conponit
1082 1060 1112 1117 et
1134 1059 1191 1117 hoc
1214 1060 1317 1135 ipsum¹

295 1152 382 1227 aptat
413 1168 472 1208 non
502 1149 594 1207 semel
624 1147 830 1225 accipiendum
861 1150 920 1223 est3
951 1148 1068 1225 aptavit
1098 1149 1178 1206 enim
1208 1149 1314 1207 cristas

294 1240 411 1317 galeae,
440 1238 559 1315 aptavit
585 1237 662 1311 tela,
692 1237 811 1314 aptarit
838 1239 868 1295 ct
895 1237 1027 1296 thoraca.
1073 1236 1252 1310 clipeumque
1281 1254 1315 1296 eu

295 1346 362 1387 uere
379 1328 518 1387 sinistrae
536 1326 663 1401 subligat
682 1330 767 1399 utque
786 1342 883 1385 eusem
901 1325 1143 1399 eollosuspemiit
1156 1327 1315 1385 eburuum:

250 1439 276 1479 ιο
294 1416 428 1494 subligat
451 1418 487 1474 et
504 1415 673 1492 suspendit:
701 1414 799 1475 simMe
821 1415 937 1474 factum
959 1414 1082 1491 pulchre
1104 1413 1204 1473 verbis
1228 1414 1314 1475 dissi·

293 1505 427 1565 millimis
455 1504 599 1578 variavit,
627 1504 680 1565 sed
708 1506 826 1564 scutum
853 1503 896 1563 sic
924 1497 1090 1581 apparebat
1119 1505 1206 1581 quasi
1233 1506 1314 1562 tene·

294 1598 389 1667 retur,
418 1597 519 1653 tamen
543 1594 635 1654 etiam
657 1592 757 1670 ipsum
784 1592 935 1671 pendebat
957 1594 1097 1653 sinistrae
1120 1592 1314 1670 subligatum.

294 1684 413 1742 hastam
455 1702 575 1759 quoque
616 1682 788 1756 constituit,
833 1701 924 1759 quam
966 1683 1035 1742 vivo
1077 1682 1176 1741 adhuc
1216 1680 1315 1741 Lauso

294 1772 459 1832 Mezentius
486 1773 609 1831 miserat
632 1763 700 1853 (10,
715 1764 804 1853 776).
850 1776 911 1830 tum
939 1772 1031 1831 socios
1058 1771 1198 1845 (uumque
1220 1772 1316 1830 omuis

250 1880 276 1921 rs
295 1879 360 1921 eum
389 1862 500 1935 stipatu
530 1862 640 1936 tepebat
668 1862 755 1921 turbu
785 1860 906 1935 ducum)
937 1861 980 1920 sic
1008 1861 1151 1935 iucipiens
1182 1860 1316 1918 leuatur

294 1952 424 2010 occulis:
452 1952 518 2009 tum
540 1950 597 2011 hoc
620 1952 666 2010 est
687 1949 828 2027 perfectis
859 1949 969 2010 divinis
998 1949 1087 2008 rebus
1118 1950 1213 2009 socios
1244 1967 1314 2009 suos

294 2039 404 2117 incipit
427 2040 565 2116 adloqui;
587 2039 651 2099 illic
669 2041 750 2099 enim
768 2058 836 2099 cum
854 2039 979 2098 ducibus
998 2038 1161 2097 adfuerunt
1178 2038 1314 2115 frequen·

294 2130 340 2190 tes
354 2149 424 2190 cum
438 2130 528 2207 plena
542 2128 673 2205 laetitia,
692 2129 773 2207 quod
786 2130 851 2188 tam
867 2127 1034 2207 pernicioso
1048 2129 1134 2188 hoste
1148 2129 1316 2188 caruissent

295 2222 326 2280 et
357 2221 389 2278 in
422 2239 481 2295 quo
513 2237 584 2295 pars
617 2219 711 2277 Turni
742 2219 844 2278 fuerat
880 2217 986 2278 debilis
1023 2217 1149 2278 reddite.
1200 2220 1316 2277 interea

251 2327 277 2366 so
296 2312 411 2387 quauta
430 2309 545 2368 occasio
564 2307 709 2384 loquendi
731 2307 819 2368 laetis
838 2307 927 2368 rebus
951 2311 982 2367 et
1005 2309 1093 2367 sociis
1115 2308 1164 2366 vel
1186 2309 1314 2367 maxime

295 2397 461 2475 potionibus
484 2396 516 2456 in
539 2417 634 2456 unum
657 2397 804 2458 collectis!
841 2397 990 2456 sociorum
1012 2397 1231 2476 significatione
1254 2415 1317 2455 non

296 2488 375 2546 solos
399 2486 543 2546 Troianos
572 2487 624 2546 sed
652 2490 682 2546 et
709 2505 759 2546 eos
788 2487 841 2564 qui
862 2485 900 2545 iis
924 2476 1037 2546 auxilio
1060 2489 1205 2545 venerant
1228 2485 1316 2545 debet

295 2576 433 2652 intellegi
468 2576 529 2635 illis
562 2575 695 2635 coetibus
727 2574 906 2635 interfuisse.
961 2575 1094 2634 mouimu
1124 2592 1171 2634 res
1204 2576 1314 2646 effectu,

295 2666 366 2733 uiri,
385 2659 480 2723 'timor
502 2665 597 2732 cumis
620 2665 730 2734 abesto,
758 2665 836 2738 quod
857 2667 1003 2738 superest;
1032 2664 1102 2722 bueo
1129 2668 1198 2722 suut
1220 2663 1318 2738 spolio
1335 2669 1369 2719 16

251 2770 277 2810 u
296 2759 321 2813 et
349 2754 384 2813 ele
410 2770 476 2828 repe
503 2755 626 2828 superbo
652 2754 802 2828 primitiae
828 2754 1022 2826 muuibusque
1048 2753 1121 2810 meis
1150 2753 1316 2812 Mezentius

295 2844 341 2903 luc
369 2846 423 2902 est:
451 2842 561 2918 occiso,
588 2842 701 2919 inquit,
728 2842 875 2902 Mezentio
902 2843 1032 2901 maxima
1058 2859 1129 2918 pars
1152 2841 1225 2901 belli
1247 2860 1315 2900 con-

296 2932 375 2992 iecta
408 2936 465 3007 est,
501 2933 619 3009 reliqua
650 2951 710 2992 non
742 2935 814 2992 sunt
844 2930 1018 3006 metuenda3
1056 2930 1200 3007 quicquid
1237 2930 1317 2989 enim

297 3024 432 3099 superest
449 3020 528 3080 bello
547 3024 701 3099 perempto
719 3019 778 3081 isto
797 3021 930 3098 proclive
948 3019 1114 3097 perfectum
1133 3021 1186 3078 est.
1214 3020 1315 3079 nullus

297 3111 535 3189 congressionem
561 3111 679 3170 metuat
705 3111 738 3168 in
766 3130 826 3187 qua
853 3110 1017 3169 Mezentius
1045 3127 1106 3167 non
1133 3111 1248 3183 estne,
1277 3127 1315 3166 ne

252 3214 278 3254 so
296 3201 373 3260 forte
404 3200 547 3259 dubitetis
578 3199 721 3275 occisum,
752 3200 817 3276 ipse
846 3199 904 3260 iste
935 3201 980 3258 est
1009 3197 1045 3257 de
1075 3216 1135 3274 quo
1165 3196 1315 3276 primitias

296 3289 366 3360 feci,
389 3291 454 3365 ipse
478 3291 523 3348 est
542 3288 596 3364 qui
613 3288 724 3365 pendet
743 3288 857 3348 arboris
876 3290 995 3363 trunco,
1017 3288 1089 3346 talis
1113 3288 1159 3346 est
1180 3285 1315 3346 redditus

296 3377 434 3436 manibus
457 3377 531 3437 meis
551 3378 668 3454 qualem
690 3377 790 3438 videre
812 3377 973 3437 maluistis,
1010 3380 1109 3436 cetera
1132 3375 1190 3435 diis
1213 3377 1316 3436 faven-

368 3553 402 3600 10
420 3547 601 3602 dissimilibus
619 3547 662 3602 ed.
732 3551 766 3601 15
785 3563 847 3602 eum
865 3563 918 3601 orn.
934 3546 966 3602 V.
1041 3552 1074 3601 1⁷
1092 3545 1191 3602 ullicV
1208 3546 1254 3602 illi
1271 3546 1315 3601 ed.

297 3624 329 3671 21
354 3619 519 3688 sipuiucutio
537 3618 561 3671 V
583 3618 627 3674 ed.
653 3634 721 3673 ·eue
743 3634 801 3672 nos.
882 3623 916 3671 22
939 3619 1012 3673 selus
1033 3616 1210 3673 Troicuml'
1228 3617 1322 3672 solum

300 3691 433 3745 Troicuos
459 3689 502 3744 ed,
540 3689 544 3760 Ι
584 3697 610 3745 et
637 3706 690 3744 om.
715 3689 758 3745 ed.
796 3688 803 3763 t
839 3690 872 3746 iu
897 3690 1009 3745 muntilio
1023 3688 1050 3742 M
1078 3687 1128 3742 ed.
1153 3689 1194 3738 its
1218 3702 1252 3736 a,
1273 3695 1347 3758 noe·

292 3766 328 3812 23
352 3761 617 3829 sulze-zmufuuse
642 3764 751 3820 temere
777 3764 853 3820 mut.
879 3762 926 3821 ed.
1001 3764 1043 3816 ‘tt
1062 3752 1185 3831 belch
1210 3748 1292 3803 bellu
1315 3740 1373 3805 ab..

282 3835 315 3881 31
336 3831 446 3886 urbemi
461 3831 488 3885 V
504 3834 535 3888 iu
555 3853 582 3892 a.
603 3836 651 3893 ed,
