3142 4375
562 520 567 528 .
672 486 856 541 Annnrnos
874 487 900 541 x
1229 492 1295 557 345

277 646 372 716 somn
395 659 475 729 tepere
497 656 592 723 iacet,
616 654 734 713 Pallas:
757 648 910 732 conplevit
931 652 1119 733 parabolam3
1147 658 1190 717 sic
1216 658 1295 717 onim

277 748 350 806 vota
378 744 526 805 Pallantis
557 742 738 803 iuvabantur
769 744 917 804 sociorum
950 737 1106 805 accedente
1142 765 1295 807 consensu.

277 835 330 895 sed
352 834 435 894 bellis
458 850 525 893 oca
542 833 695 892 Halaesus
713 834 855 892 tenditis
873 834 1025 893 adversos:
1048 836 1090 895 sic
1108 837 1189 895 enim
1206 836 1297 896 audet

278 923 333 1001 qui
350 924 474 1001 propria
491 923 604 983 virtute
622 920 754 997 confidit,
772 925 807 981 ut
823 922 867 982 ire
881 942 941 983 non
954 928 1093 984 vereatur
1105 924 1138 983 in
1151 925 1295 1003 plurimos

245 1014 310 1072 set
332 1015 438 1073 contra
459 1011 615 1072 venientis.
651 1028 736 1086 socae
757 1012 793 1070 irs
813 1028 871 1071 sao
894 1013 989 1088 eolli‘pi
1022 1032 1122 1073 arma:
1144 1016 1243 1074 totum
1265 1034 1296 1074 se

277 1105 363 1163 scuto
394 1100 560 1162 communit
588 1102 711 1178 propter
746 1102 810 1161 vim
844 1102 1050 1178 plurimorum.
1108 1104 1155 1162 tic
1189 1108 1298 1163 mactat

277 1191 409 1251 Ladona
429 1191 614 1263 Pheretaque
635 1190 903 1263 Demodocumque:
924 1192 978 1251 illo
1000 1192 1033 1250 in
1055 1192 1121 1252 loco
1143 1192 1199 1253 tn‘s
1222 1193 1297 1253 istos

277 1280 433 1341 mactavit.
480 1298 545 1340 ecce
568 1278 796 1356 propterquod
819 1279 895 1340 dixit
916 1280 1003 1340 bellis
1027 1299 1124 1340 acrem
1152 1282 1297 1359 atquem

278 1388 336 1431 sua
364 1388 450 1429 arma
480 1370 652 1443 collectum,
681 1370 717 1427 ut
746 1370 777 1427 et
806 1368 915 1428 fortem
946 1370 1116 1430 ostenderet
1146 1372 1179 1429 in
1210 1372 1297 1430 dimi·

231 1476 261 1517 ιο
277 1458 447 1520 actionibus
471 1461 501 1518 et
523 1459 663 1535 peritum.
709 1475 788 1517 unus
815 1460 846 1516 et
873 1458 954 1518 solus
982 1462 1111 1536 quantos
1139 1460 1297 1521 mactavit!

277 1567 350 1609 nam
379 1550 409 1607 et
437 1548 494 1607 hoc
523 1546 647 1607 verbnm
676 1546 715 1605 ad
744 1546 966 1623 exprimendam
995 1549 1139 1608 virtutem
1168 1550 1297 1609 hominis

278 1637 416 1699 additum
439 1639 498 1714 est3
521 1636 633 1713 quippe
655 1635 718 1695 tale
741 1642 788 1695 est
809 1639 924 1696 mactat
942 1638 1031 1714 quale
1049 1638 1108 1696 fuit
1127 1658 1194 1697 oum
1213 1657 1298 1699 sacra

277 1728 395 1788 Aeneas
408 1726 557 1801 redderet3
574 1745 646 1785 nam
660 1726 702 1784 sic
715 1726 849 1801 positum
861 1728 906 1786 est
921 1718 966 1808 (8,
975 1720 1032 1807 84)
1044 1726 1119 1802 „tibi
1132 1728 1220 1804 enim,
1233 1727 1298 1803 tibi,

277 1818 410 1877 maxima
426 1816 515 1890 Iuno,
532 1817 646 1875 mactat
664 1832 749 1874 sacra
766 1813 895 1891 ferens“,
912 1816 948 1874 ut
965 1815 1134 1876 ostenderet
1152 1817 1190 1876 ad
1203 1818 1298 1877 vicem

234 1919 260 1961 rs
279 1895 458 1966 animalium
479 1906 640 1980 mutorum,
663 1922 741 1979 qnae
759 1903 791 1962 in
810 1906 903 1964 sacris
921 1906 985 1964 sine
1002 1906 1200 1965 reluctatione
1217 1926 1297 1966 mac-

278 1996 395 2070 tantur,
425 1994 528 2054 inertis
559 1995 681 2054 occisos.
733 2012 787 2052 nec
817 1994 914 2052 solum
936 1993 998 2069 hic,
1027 1997 1080 2055 sed
1102 1996 1207 2056 multis
1230 1996 1297 2056 aliis

278 2084 353 2144 locis
367 2082 534 2143 invenimur
548 2086 664 2143 mactat
677 2081 817 2143 similiter
830 2083 971 2159 positum,
989 2103 1057 2144 cum
1076 2084 1173 2145 occisa
1190 2104 1298 2161 pecora

279 2172 495 2252 significantur.
526 2171 691 2248 Strymonio
705 2172 838 2232 dextram
850 2172 974 2247 folperti
987 2174 1095 2247 deripit
1107 2192 1174 2234 ense
1192 2175 1299 2235 dotem
1307 2189 1359 2236 415

278 2265 312 2322 irs
333 2263 482 2337 depretiem:
505 2260 695 2339 Strymonius
723 2263 805 2321 elata
831 2281 923 2320 manu
951 2282 1018 2322 oum
1045 2264 1137 2323 vellet
1163 2265 1298 2342 gladium

236 2364 262 2407 so
277 2352 310 2412 in
332 2350 457 2411 Halaesi
483 2351 621 2430 iugulum
649 2352 751 2429 figere,
781 2353 962 2428 praeventus
992 2351 1030 2410 ab
1053 2371 1088 2411 eo
1110 2355 1208 2430 ipsam
1231 2353 1298 2412 dex·

278 2445 377 2503 teram
399 2439 538 2519 perdidit.
584 2457 656 2500 seso
678 2441 748 2513 ferit
769 2458 824 2499 ora
847 2441 989 2499 maritis
1011 2458 1134 2515 ossaque
1162 2443 1300 2516 dispersit

280 2531 395 2592 cerebro
418 2531 569 2604 pcrrnieta
598 2533 730 2588 moeso:
759 2546 819 2588 non
847 2529 965 2589 insidiis
989 2529 1141 2606 adpetitus
1165 2533 1211 2590 est
1231 2531 1298 2605 ists,

280 2618 333 2681 sed
355 2621 476 2680 tantum
497 2620 577 2679 iners
600 2618 673 2693 fuit,
696 2621 733 2677 ut
754 2620 876 2677 veniens
900 2637 1004 2678 saxum
1026 2619 1058 2678 in
1082 2619 1189 2679 faciem
1212 2638 1299 2680 suam

278 2727 341 2768 non
362 2707 574 2786 praevidisset,
597 2712 633 2768 nt
659 2708 786 2768 fudisset
815 2707 1005 2782 declinando,
1036 2728 1095 2786 quo
1125 2710 1190 2768 ictu
1212 2728 1299 2768 omne

235 2814 261 2856 ιι
279 2798 345 2857 eius
367 2796 583 2857 comminutum
605 2800 652 2856 est
674 2799 766 2874 caput
789 2799 905 2856 etcum
924 2797 1041 2857 ossibus
1060 2798 1213 2857 cerebrum
1231 2817 1298 2857 sau·

280 2887 410 2967 gnisque
433 2887 595 2947 commixta
618 2889 696 2946 sunt.
733 2888 800 2960 fotu
822 2903 928 2946 cavens
949 2887 1062 2960 positor
1084 2887 1167 2946 silvis
1189 2887 1300 2948 celarat

279 2976 462 3037 Halaesam:
486 2975 605 3054 cognito
628 2977 715 3052 pater
738 2975 812 3050 quid
834 2975 965 3035 Halaeso
994 2976 1058 3035 filio
1084 2975 1207 3034 inimica
1234 2976 1299 3036 fata

279 3066 449 3142 portarent,
472 3064 556 3125 silvis
580 3064 787 3139 absconderat,
811 3084 847 3122 ne
870 3063 1026 3124 inventum
1048 3064 1235 3141 perimerent,
1266 3069 1301 3125 at

279 3154 378 3214 osirim
401 3154 454 3213 teto
477 3155 613 3213 moestia
636 3154 750 3213 lwmioa
772 3154 869 3223 solvit,
892 3155 1016 3213 iniecere
1041 3172 1164 3214 monam
1186 3154 1299 3214 Parcae

242 3335 247 3343 ·
352 3308 472 3363 lPaild
490 3305 534 3362 ed.
560 3305 563 3376 l
587 3305 756 3374 parobalam
770 3305 829 3359 Ἧι.
890 3308 1015 3361 tolosae
1028 3306 1086 3360 Ἧι.
1141 3313 1300 3362 caecatur

280 3378 307 3432 Ιι
328 3379 372 3433 ed.
398 3384 552 3434 roseata
571 3375 605 3431 V.
688 3382 703 3430 6
729 3379 874 3432 commonit
894 3377 945 3431 Ἧι
971 3394 1039 3433 corr.
1064 3395 1085 3431 r.
1115 3378 1118 3448 l
1153 3385 1255 3433 mactat
1274 3377 1300 3431 V

279 3455 364 3504 metat
387 3448 421 3502 a.
495 3454 509 3503 7
537 3449 718 3516 modocorsqae
738 3447 790 3501 VR
817 3464 883 3517 ergo
911 3448 1030 3502 fortasse
1054 3449 1300 3518 Demodoconqse?

280 3525 310 3575 8-
325 3526 352 3575 et
378 3536 456 3588 seque
480 3519 532 3573 Ἧι
563 3535 641 3588 seque
672 3519 716 3573 ed.
750 3525 831 3588 atque
859 3536 917 3574 nos.
1009 3525 1024 3574 9
1053 3521 1240 3576 dimicationis
1265 3520 1298 3572 It.

280 3595 316 3647 10
334 3597 451 3660 procas
463 3589 515 3644 VR
533 3597 598 3659 quot
615 3590 659 3645 ed.
733 3597 765 3645 11
789 3607 903 3658 oerpro
922 3591 1032 3646 esbum
1045 3591 1104 3647 Ἧι,
1132 3593 1136 3663 l
1165 3607 1300 3660 experiar

279 3662 347 3718 door
364 3661 408 3716 ed.
465 3667 498 3716 18
516 3663 588 3717 enim
606 3663 657 3717 tibi
676 3678 730 3715 om.
745 3661 788 3717 ed.
846 3666 878 3715 15
897 3668 1054 3718 mammam
1067 3662 1126 3717 Ἧι.
1183 3663 1301 3718 Idaliis

279 3750 335 3789 om.
352 3733 396 3788 ed.
471 3738 504 3788 18
523 3734 623 3802 diripit
639 3752 660 3787 r.
681 3733 723 3787 ed.
798 3739 832 3787 22
854 3735 905 3789 iste
928 3749 980 3786 om.
1000 3733 1043 3788 ed.
1117 3740 1152 3787 24
1173 3734 1302 3788 tet-de-

279 3804 543 3862 damdoomed.
611 3805 920 3862 iod—itamtlllt
937 3804 1148 3862 at-siatcd.
1212 3808 1254 3853 ‘tt
1274 3816 1321 3852 ao·

278 3892 345 3934 osrrs
358 3875 411 3930 Ἧι
428 3891 528 3931 canens
544 3875 586 3930 sd.
616 3876 624 3950 l
656 3878 758 3935 celerat
775 3877 838 3936 Ἧι.
915 3885 949 3936 al
977 3875 1175 3952 sepelierit
1196 3887 1276 3926 sorr.
1294 3865 1348 3916 st-
