3142 4375
302 424 347 489 30
586 422 728 478 DONA'I'I
744 423 915 482 munere.
930 423 1037 482 VERG.

300 590 479 666 membrum,
501 610 581 651 nuno
602 592 762 669 pluraliter
781 593 996 669 poenienda,
1017 595 1055 654 ut
1073 597 1264 663 ostendant
1280 603 1333 662 iau

300 697 332 739 se
355 678 391 739 de
413 680 606 740 interioribus
631 682 724 758 loqui.
770 685 801 742 et
823 683 898 742 solio
920 683 1037 744 medius
1068 687 1223 752 consedit
1245 691 1332 754 ovib:

299 769 332 827 iu
360 770 461 829 media
489 771 564 830 sella
594 789 654 848 qua
680 771 728 831 usi
758 774 830 831 sunt
856 774 984 832 maiores
1011 773 1075 834 eius
1105 775 1207 838 sedit
1255 785 1331 856 atque

298 858 370 918 tace
390 860 531 934 inermes
554 861 673 934 placido
695 861 782 934 prior
809 861 899 920 edidit
924 879 988 920 ore:
1018 861 1100 923 vidit
1129 865 1280 930 homines
1306 875 1330 930 et

299 967 335 1007 ex
362 948 431 1025 ipsa
460 949 608 1024 qualitate
640 951 763 1009 vestitus
793 951 878 1010 onius
907 951 1005 1028 gentis
1036 955 1144 1014 meent
1180 958 1351 1020 evidentur

299 1039 424 1115 agnovit
446 1039 545 1098 ethis
568 1039 732 1114 plurimum
755 1038 878 1115 detulit,
901 1043 937 1100 ut
954 1040 1068 1117 primns
1090 1043 1196 1106 verba
1215 1047 1328 1124 faceret,

298 1127 418 1185 facilem
440 1146 471 1186 se
494 1131 525 1186 et
546 1127 718 1187 benivolum
742 1128 897 1205 praebens.

243 1224 289 1274 leo
369 1216 474 1285 Dicite,
484 1217 697 1276 Dardanidae:
715 1236 806 1294 supra
820 1216 896 1276 dixit
905 1218 1052 1294 „nuntius
1066 1218 1215 1298 ingentia
1230 1228 1327 1306 ignota

297 1303 330 1362 in
356 1307 438 1364 reste
467 1309 602 1381 reportat
625 1306 780 1366 advenisse
807 1306 911 1367 viros“
941 1310 971 1366 et
999 1326 1122 1384 revera,
1154 1313 1187 1374 ei
1220 1321 1326 1378 aetatu

298 1392 523 1453 considerentur
549 1415 652 1454 eorum
684 1398 737 1473 qui
769 1399 838 1455 ante
866 1398 971 1457 urbem
997 1415 1051 1473 per
1072 1397 1190 1462 ludum
1220 1405 1348 1468 bellicis!

298 1481 509 1542 certaminibus
540 1485 764 1560 exercebantur,
800 1488 963 1562 potuerunt
994 1490 1024 1545 et
1053 1485 1195 1552 formam
1230 1497 1327 1556 mimi

296 1570 452 1630 hominum
470 1575 501 1630 et
518 1574 630 1633 nescim
649 1576 703 1651 qui
722 1579 833 1650 essent3
856 1595 916 1634 non
939 1575 1018 1633 enim
1038 1579 1163 1639 vestitu
1181 1585 1327 1660 primaevi

297 1679 399 1719 eorum
424 1681 516 1739 genus
539 1665 680 1740 poterant
702 1682 803 1739 nosse,
825 1667 861 1723 ut
883 1663 1029 1725 Troianos
1052 1682 1119 1726 esse
1145 1673 1326 1750 perferrent

296 1749 348 1809 sed
379 1750 431 1810 ubi
460 1753 499 1811 ad
530 1750 673 1811 Latinum
704 1755 828 1812 rentum
861 1756 918 1828 est,
950 1754 1103 1813 hominem
1142 1759 1326 1842 longaevum

296 1842 386 1917 atque
409 1841 588 1917 prudentem
610 1844 640 1900 et
661 1861 721 1901 usu
743 1844 775 1900 in
799 1843 936 1901 omnibus
956 1843 1162 1925 instructum,
1190 1857 1225 1914 et
1243 1855 1351 1916 maian

296 1947 398 1988 eorum
414 1929 553 1989 habitum
571 1930 661 2006 vidit,
679 1934 821 1990 continuo
841 1933 929 1991 seivit
947 1951 1010 1991 esse
1025 1932 1185 2000 Troianos
1205 1943 1324 2022 ideoque

295 2019 338 2076 sic
365 2019 476 2095 coepit:
508 2020 612 2095 dicite,
639 2021 844 2096 Dardanidum
871 2041 983 2095 verum,
1011 2040 1047 2079 ne
1076 2021 1219 2092 Troiani
1246 2034 1322 2094 min·

294 2109 399 2166 rentur
429 2127 537 2165 nomen
569 2128 639 2168 suae
672 2111 768 2189 gentis
802 2130 820 2168 a
852 2109 961 2170 Latino
994 2110 1173 2195 prolatum,
1217 2121 1320 2184 addidit

294 2214 386 2269 aeque
426 2198 503 2256 eae'm
538 2201 683 2258 nescimus
720 2205 746 2258 et
780 2202 882 2259 certem
914 2204 941 2259 et
973 2218 1074 2274 penas.
1134 2214 1313 2287 superflum

294 2287 406 2363 quippe
430 2287 458 2344 ei
483 2286 582 2346 visum
610 2292 655 2347 est
683 2308 825 2365 quaerere
849 2290 930 2365 quod
957 2290 1086 2349 videndo
1120 2302 1346 2377 cog-noman

294 2376 321 2433 si
343 2376 423 2434 enim
445 2395 505 2435 non
527 2381 629 2436 nosset
650 2378 824 2455 intellegere
848 2398 883 2436 ex
904 2378 1011 2438 habitu
1029 2379 1194 2465 homines,
1223 2392 1319 2453 difflui

294 2464 346 2539 qui
374 2465 445 2524 estis
474 2470 528 2523 aut
555 2466 652 2525 unde?
699 2467 810 2526 omissa
833 2470 905 2526 sunt
927 2468 1022 2545 igitur
1043 2468 1105 2527 ista
1134 2478 1173 2533 et
1206 2482 1242 2541 in
1265 2500 1322 2541 aon·

292 2553 400 2630 pendio
424 2554 560 2630 fuerunt3
588 2556 757 2632 opinionem
784 2556 864 2615 enim
890 2557 997 2616 habuit
1023 2555 1203 2627 maximam
1233 2570 1323 2643 Troia

292 2661 358 2703 cum
380 2644 501 2703 floreret
522 2644 649 2704 felicitas
678 2645 755 2719 eius,
783 2648 814 2704 et
842 2645 878 2704 de
906 2645 1038 2705 adversis
1068 2646 1156 2709 facta
1185 2660 1324 2719 omnibus

291 2733 391 2794 fuerat
412 2733 521 2792 notior.
566 2733 643 2792 illud
665 2737 765 2793 tamen
790 2734 871 2811 quod
896 2736 1063 2794 necessario
1086 2736 1201 2804 suerat
1231 2748 1350 2827 requi-s

290 2824 414 2884 rendum
444 2822 592 2898 subdidit,
620 2818 812 2901 madidique
843 2825 994 2884 adnectitis
1026 2840 1154 2897 demere
1187 2852 1325 2897 ansam:

291 2912 428 2971 auditum
446 2912 579 2989 aliquem
598 2915 691 2972 secuti
709 2912 855 2972 venistis?
896 2915 966 2987 qaid
978 2914 1095 2987 petitis?
1124 2915 1325 2987 intellexerat

360 3107 378 3154 4
399 3103 493 3170 priore
518 3102 594 3156 dedit
618 3117 663 3156 ore
686 3099 719 3154 V.
799 3107 814 3153 6
840 3102 1090 3167 detulit-sacerd
1116 3112 1260 3181 corrupit
1284 3112 1322 3169 αὶ

290 3177 353 3227 tce
370 3171 396 3226 V
414 3174 486 3228 euim
503 3189 531 3227 ee
550 3173 593 3226 ed.
620 3172 623 3243 l
649 3173 840 3241 praebuitsed.
898 3179 929 3226 11
949 3174 1068 3239 formam
1086 3170 1112 3226 V
1132 3176 1191 3231 edI
1216 3184 1323 3249 fiam

289 3244 360 3299 edV.
447 3249 480 3298 12
506 3246 633 3299 vestitam
656 3260 813 3312 proarooere
836 3242 861 3294 V
887 3247 985 3298 uestita
1007 3245 1149 3312 primaevi
1181 3254 1236 3319 (ef,
1262 3257 1321 3323 441)

287 3332 380 3370 eorum
393 3332 444 3369 nos
458 3317 571 3369 veetiam
580 3317 673 3385 mineo
687 3332 747 3369 cere
761 3315 805 3368 ed.
862 3320 894 3368 13
910 3314 1124 3384 proserreated.
1183 3326 1222 3375 15
1243 3328 1322 3382 „aaa

287 3402 342 3441 om.
357 3386 401 3441 ed.
445 3390 479 3441 20
497 3388 597 3455 quippe
609 3385 636 3440 V
654 3388 726 3440 caim
745 3386 788 3440 ed.
833 3391 866 3440 21
886 3388 911 3440 ei
925 3386 1035 3441 eaimV
1053 3386 1079 3440 ei
1097 3386 1143 3441 cd.
1162 3388 1165 3460 l
1186 3394 1321 3453 mcv

287 3458 334 3526 (ci.
349 3460 411 3528 324)
426 3464 518 3527 posset
531 3458 573 3513 ed.
625 3463 658 3511 23
677 3458 792 3523 fueruat
805 3455 830 3510 V
844 3458 1016 3526 positaeaat
1031 3457 1074 3511 ed.
1127 3464 1164 3513 26
1183 3466 1321 3523 tamv

286 3534 396 3584 metam
417 3529 461 3584 ed.
535 3534 568 3582 2²1
587 3531 715 3584 auditam
733 3530 851 3597 aliquem
870 3546 897 3584 ee
914 3531 958 3583 ati
974 3530 1087 3583 cenatio
1104 3526 1131 3581 V
1152 3539 1250 3593 necui
1272 3554 1319 3595 noe

288 3600 381 3667 „dicit
403 3600 496 3654 auditi
518 3602 551 3655 ut
569 3601 775 3656 demonstraret
794 3617 823 3654 ee
842 3600 879 3654 ab
899 3600 993 3668 aliquo
1011 3599 1154 3656 audivisse
1173 3608 1258 3665 unde
1276 3626 1319 3667 γρ.

287 3669 395 3726 nissent
408 3671 544 3727 Troiani“
558 3674 663 3727 temere
680 3671 828 3726 substituit
844 3672 900 3725 ed:
919 3671 991 3726 Don.
1008 3672 1109 3725 auditu
1122 3688 1179 3741 quo
1196 3678 1318 3751 (aliquo)

286 3740 389 3813 legisse
406 3744 519 3798 videtur
536 3745 565 3799 et
582 3744 723 3798 lemmatis
741 3743 828 3797 verba
843 3760 894 3811 pro
908 3743 1129 3812 interrogatione
1143 3752 1274 3821 accepit,
1288 3754 1319 3807 ut

243 3862 250 3892 ,,
286 3814 480 3887 requirendum
501 3815 597 3883 docet,
619 3816 668 3869 sed
687 3832 801 3870 crucem
819 3815 937 3884 ailigere
953 3814 1047 3865 malm
1063 3830 1150 3878 quam
1166 3822 1317 3895 mm
