3142 4375
649 495 912 551 munroosvnr
1229 500 1293 565 115

268 668 414 744 cepisset3
433 668 545 725 diceret
563 666 642 725 enim
661 666 803 724 adversus
818 682 868 723 eos
886 664 1047 740 profutura
1061 684 1137 741 quos
1155 665 1188 724 in
1202 666 1294 725 Italia

269 755 322 817 sui
340 756 473 815 aemulos
490 755 662 815 invenisset.
688 754 860 829 multasque
879 756 945 813 viro
964 772 995 812 se
1015 756 1177 833 adiungere
1196 756 1294 833 gentis

269 845 428 905 Dardanio
448 846 478 904 et
495 845 557 903 late
572 843 660 903 Latio
679 842 877 902 increbescere
896 862 1017 903 nomen:
1041 844 1167 918 multas,
1184 844 1294 921 inquit,

270 935 386 1014 gentis:
408 934 505 993 maior
527 937 624 992 metus
646 932 828 991 iniciebatur
850 951 885 990 ex
908 951 942 991 eo
969 934 1049 1009 quod
1071 952 1168 1010 neque
1191 954 1293 994 nume·

236 1038 251 1079 s
270 1044 342 1085 rum
360 1022 506 1100 expressit
524 1027 578 1081 aut
596 1023 731 1099 gentium
749 1022 880 1080 nomina.
911 1022 1018 1081 debinc
1037 1022 1113 1081 dixit
1131 1022 1293 1101 adiungere

271 1117 303 1174 et
320 1111 534 1187 increbescere3
557 1112 722 1186 inperfecto
746 1109 825 1169 enim
845 1110 934 1170 modo
952 1112 1050 1170 maior
1067 1112 1196 1171 formido
1211 1117 1293 1189 pote·

269 1205 323 1263 rat
345 1203 467 1276 exoriri,
497 1199 580 1279 quod
608 1200 789 1259 auxiliorum
818 1202 849 1259 et
875 1200 987 1260 favoris
1009 1202 1129 1260 Aeneae
1160 1202 1293 1276 quotidie

271 1291 425 1352 crescebat
457 1291 591 1366 effectus3
627 1309 697 1348 nam
730 1289 756 1348 si
788 1288 905 1363 ahquid
936 1290 1101 1365 perfectum
1132 1293 1295 1367 nuntiaret,

272 1381 429 1441 aestimari
455 1382 576 1457 poterat
598 1382 629 1438 et
651 1379 728 1438 forte
752 1379 911 1437 contemni.
953 1379 1011 1438 duo
1034 1381 1129 1457 igitur
1150 1380 1295 1440 mandata

228 1484 255 1525 so
271 1470 417 1548 portabat
433 1470 582 1528 Venulus:
605 1488 699 1527 unum
722 1486 782 1543 quo
806 1468 953 1526 indicaret
971 1487 1047 1544 quae
1072 1474 1245 1546 gererentur
1262 1473 1294 1529 in

270 1560 377 1633 Italia,
401 1559 529 1617 alterum
552 1578 612 1633 quo
635 1559 768 1616 terreret.
805 1557 928 1615 edoceat
949 1576 1010 1615 non
1033 1558 1125 1616 semel
1149 1559 1294 1634 accipien-

272 1649 346 1708 dum
368 1651 427 1721 est,
451 1648 533 1724 quod
555 1647 665 1706 idcirco
688 1646 721 1703 in
743 1646 842 1704 medio
866 1647 977 1721 posuit,
999 1665 1036 1705 ne
1060 1648 1237 1723 turparetur
1259 1669 1295 1707 ex

271 1736 499 1798 continuatione
517 1737 660 1810 narratio,
684 1737 709 1794 si
732 1735 764 1792 in
789 1734 886 1811 capite
907 1734 956 1794 vel
978 1736 1011 1793 in
1033 1735 1091 1793 fine
1110 1737 1293 1797 consisteret.

271 1827 444 1887 ordinemus
455 1846 525 1904 ergo
540 1825 649 1899 omnia,
658 1827 695 1883 ut
703 1825 874 1883 intellectus
888 1824 942 1883 fiat
954 1825 1120 1900 inlustrior,
1130 1829 1160 1884 et
1173 1830 1295 1901 propter

229 1928 254 1971 u
271 1914 536 1976 demonstrandam
554 1914 709 1990 petitionis
728 1932 862 1973 causam:
886 1913 1009 1973 edoceat
1026 1913 1115 1973 Latio
1135 1915 1295 1975 consistere

271 2005 415 2080 Teucros,
439 2005 598 2064 advectum
616 2004 739 2061 Aenean
760 2003 849 2063 classi
867 2003 1022 2079 victosque
1044 2005 1162 2079 penatis
1183 2004 1295 2064 inferre

272 2098 304 2154 et
322 2094 393 2153 fatis
411 2113 512 2171 regem
531 2112 562 2152 se
581 2093 678 2152 dicere
696 2093 789 2169 posci.
817 2112 870 2168 per
888 2094 1008 2170 singula
1027 2113 1098 2172 ergo
1117 2112 1194 2170 quae
1214 2094 1295 2153 dicta

272 2185 346 2245 sunt
375 2182 612 2243 subaudiendum
640 2184 686 2242 est
713 2180 849 2257 edoceat,
878 2181 952 2241 item
974 2182 1165 2243 inferioribus
1189 2190 1294 2260 aptan-

273 2273 358 2347 dum,
387 2275 424 2331 ut
450 2273 491 2333 sit
518 2273 641 2332 edoceat
667 2272 780 2331 multas
804 2272 901 2349 gentis
924 2274 989 2332 viro
1013 2273 1164 2332 Dardanio
1189 2293 1219 2332 se
1243 2275 1293 2332 ad·

228 2364 408 2440 seiungere,
430 2363 505 2420 item
528 2362 650 2420 edoceat
668 2360 729 2420 late
748 2360 837 2421 Latio
855 2361 1055 2420 increbescere
1073 2382 1190 2422 nomen.
1222 2364 1295 2423 haec

272 2451 409 2527 exempla
431 2451 575 2527 loquendi
596 2451 736 2510 debemus
758 2449 887 2525 imitari,
910 2470 978 2509 cum
1003 2451 1105 2527 aliqua
1129 2452 1294 2512 scribimus.

268 2541 377 2601 odiosa
405 2543 450 2599 est
477 2540 558 2598 enim
584 2541 616 2598 in
639 2538 686 2598 bis
710 2540 907 2614 continuatim
930 2559 1006 2614 quae
1029 2541 1065 2599 fit
1086 2541 1204 2616 melior,
1228 2562 1295 2601 cum

271 2650 368 2688 unum
395 2629 520 2689 verbnm
546 2629 578 2687 in
605 2628 703 2687 medio
736 2629 870 2704 positum
897 2629 1101 2704 superioribus
1129 2630 1220 2689 simul
1249 2633 1294 2689 in-

272 2718 491 2795 ferioribusque
513 2718 681 2794 respondet.
722 2717 831 2794 incipit
852 2736 922 2793 pars
942 2719 1002 2777 alia
1019 2718 1231 2778 mandatorum
1249 2721 1294 2777 in·

227 2818 255 2861 re
272 2807 405 2885 terponi,
433 2811 481 2881 ut,
510 2809 536 2866 si
565 2806 797 2883 inpetrationem
820 2825 880 2865 non
904 2808 1088 2882 concederet,
1111 2826 1146 2866 ex
1168 2807 1295 2883 periculi

273 2898 323 2957 sui
353 2896 608 2973 contemplatione
637 2897 799 2972 postulatis
829 2895 987 2956 Diomedes
1018 2897 1170 2956 adnueret.
1224 2899 1295 2968 quid
1305 2909 1338 2957 15

272 2990 370 3045 struat
382 2987 428 3045 his
442 2987 555 3058 coeptis,
571 3003 662 3057 quem,
677 2987 704 3044 si
722 2988 844 3058 fortuna
861 2989 1008 3057 sequatur,
1018 2990 1160 3044 'evectum
1172 3003 1295 3060 poppae

273 3077 387 3148 cupiat:
404 3077 599 3134 manifestum
618 3079 671 3148 est,
690 3075 800 3150 inquit,
819 3075 894 3150 quid
912 3075 974 3133 eius
993 3076 1099 3150 coepta
1118 3075 1295 3152 significent,

273 3165 468 3223 manifestum
495 3183 584 3239 quem
611 3164 713 3240 cupiat
740 3167 892 3237 eventum,
920 3165 946 3223 si
973 3164 1096 3223 fortuna
1119 3164 1294 3224 consentiat.

227 3252 348 3313 sedicit
385 3255 447 3312 iam
482 3254 605 3312 maioris
642 3256 741 3312 metus
778 3271 913 3328 causam,
949 3254 1072 3312 Aenean
1107 3255 1295 3326 manifestius

347 3460 454 3514 Icoim
473 3476 526 3513 om.
542 3458 585 3512 ed.
641 3458 949 3513 'lAcneaVcorrcd
1001 3463 1034 3511 10
1049 3465 1187 3527 quo-11
1203 3459 1295 3528 qro

274 3530 469 3599 quod-quod
487 3530 530 3584 ed.
583 3535 615 3583 12
630 3531 788 3584 turbaretur
801 3530 844 3583 ed.
896 3536 928 3583 21
944 3530 1074 3598 loquendi
1082 3530 1108 3584 V
1121 3531 1236 3585 docendi
1250 3531 1293 3584 ed.

275 3607 309 3655 25
328 3608 354 3656 et
367 3602 488 3669 periculi
501 3601 528 3655 V
547 3618 580 3655 cx
593 3617 623 3669 p.
643 3600 687 3655 ed.
768 3606 802 3655 28
825 3603 921 3670 cupiat
944 3618 997 3655 om.
1013 3600 1046 3654 V.
1126 3607 1160 3655 30
1179 3603 1295 3657 Aenean

274 3672 450 3738 manifestius
462 3673 489 3727 V
506 3674 623 3728 Aeneae
641 3689 694 3726 om.
711 3671 769 3726 ed:
788 3671 854 3727 hinc
873 3675 958 3741 etque
977 3688 1011 3726 ex
1028 3673 1064 3726 iis
1083 3690 1155 3741 quae
1175 3690 1295 3742 sequun-

274 3746 322 3798 tur
349 3747 467 3812 apparet
491 3744 633 3799 Donatum
660 3743 836 3809 manifestius
857 3761 908 3812 pro
932 3743 1077 3810 adverbio,
1101 3762 1233 3814 apparere
1259 3745 1294 3799 de

276 3815 447 3870 occurrendo
475 3816 631 3884 accepisee;
661 3832 726 3868 nam
754 3815 830 3882 quod
858 3833 943 3886 supra
975 3815 1049 3873 dicit
1078 3817 1307 3884 manifestum-

277 3886 452 3952 manifestum
470 3902 505 3940 ex
521 3887 581 3941 solo
600 3886 794 3958 comparativo
814 3888 920 3947 elicere
938 3888 1000 3946 eibi
1014 3889 1148 3946 ridetur„

1136 3995 1174 4049 g*
