3142 4375
650 467 653 472 ’
686 500 937 558 6616166616
1280 484 1344 568 11'

301 674 334 732 in
351 671 556 750 propositione
574 670 740 731 constituta
761 672 940 747 repetamus,
959 673 994 729 ut
1010 669 1201 732 intendamus
1222 671 1323 730 omnia

302 782 369 821 cum
392 763 455 821 suis
477 761 658 837 ponderibus
681 759 790 837 posita.
829 759 941 834 dicam,
958 759 1071 837 inquit,
1089 759 1212 819 horrida
1229 759 1322 820 bella:

301 852 380 912 levia
403 852 514 927 quippe
536 869 600 910 esse
622 869 683 909 non
705 852 870 926 potuerunt
893 868 969 925 quae
990 869 1058 908 cum
1076 850 1226 925 opulentis
1244 848 1321 925 regi-

300 941 356 1001 bus
386 942 471 1018 gesta
500 942 583 1014 sunt,
611 958 664 999 neo
691 959 787 997 unum
808 939 934 1013 bellum,
957 937 1009 999 sed
1032 939 1134 1015 plura,
1156 957 1211 997 nec
1233 938 1322 1012 levia,

270 1031 353 1089 ssed
374 1028 531 1089 horrenda.
553 1060 556 1064 ⁴
577 1028 675 1087 dicam
701 1028 793 1087 acies:
830 1028 950 1103 quando
974 1028 1037 1086 acie
1061 1026 1225 1086 constituta
1248 1047 1323 1104 pug-

301 1122 404 1194 natur,
431 1137 542 1197 magna
569 1117 682 1177 virtute
714 1135 789 1192 opus
823 1120 882 1193 est3
911 1117 1076 1175 comminus
1106 1116 1186 1175 enim
1208 1116 1323 1194 geritur

300 1208 420 1268 bellum.
457 1208 572 1283 quanta
592 1207 687 1283 igitur
705 1207 807 1265 extitit
824 1206 1025 1265 Troianorum
1042 1207 1140 1265 virtus
1157 1206 1190 1263 in
1208 1206 1322 1280 paucis,

301 1298 354 1374 qui
381 1298 544 1357 instructas
575 1297 652 1354 acies
680 1296 813 1354 hostium
840 1297 872 1353 61
897 1297 1097 1373 congregatae
1119 1293 1322 1353 multitudinis

300 1386 409 1445 molem
431 1385 509 1442 16116
531 1384 670 1458 primitus
694 1386 725 1441 et
748 1384 855 1443 dehinc
877 1385 1011 1443 evincere
1032 1382 1204 1443 valuerunt!
1245 1384 1321 1442 Ecce

256 1492 282 1530 16
301 1478 332 1532 61
360 1475 409 1532 hic
438 1472 614 1548 pluralitate
643 1490 716 1531 usus
746 1474 824 1532 acies
855 1472 943 1547 dixit,
971 1476 1008 1532 ut
1035 1473 1204 1531 ostenderet
1230 1472 1322 1531 etiam

300 1563 356 1621 hoc
385 1580 446 1619 non
475 1561 579 1635 6611161,
607 1560 659 1619 sed
682 1562 802 1637 saepius
825 1562 947 1620 factum,
993 1565 1135 1638 actosque
1157 1561 1266 1620 animis
1289 1564 1322 1620 in

300 1652 406 1709 funera
434 1668 533 1728 reges:
574 1669 642 1710 cum
671 1668 731 1708 non
761 1649 835 1709 dicit
864 1669 939 1727 quos
969 1671 1023 1710 nec
1052 1651 1156 1709 definit
1184 1653 1321 1726 quantos,

300 1740 396 1800 multo
419 1740 520 1815 plures
542 1757 700 1815 possumus
724 1741 883 1799 aestimare
905 1740 1137 1817 provoluntate
1159 1739 1321 1799 laudantis.

301 1831 442 1905 actosque
470 1830 578 1888 animis
605 1828 638 1887 in
666 1829 774 1888 funera
798 1847 896 1907 reges:
932 1830 964 1888 in
987 1848 1056 1904 sua,
1079 1849 1139 1887 non
1162 1831 1193 1888 in
1217 1829 1320 1888 Troia·

255 1933 411 1979 ranorum.
458 1937 527 1978 cum
556 1918 635 1977 anim
665 1919 772 1977 animis
802 1919 914 1978 ferocia
941 1919 1102 1996 exagitatis
1129 1919 1161 1976 in
1190 1918 1321 1977 alionum

298 2007 424 2067 exitium
455 2009 587 2081 ruerent,
617 2007 661 2066 sic
689 2007 749 2083 ipsi
779 2008 918 2067 Troianis
945 2028 960 2067 6
989 2008 1106 2068 diverso
1137 2007 1319 2067 certantibus

297 2096 476 2156 ceciderunt.
522 2096 767 2173 Tyrrhenamque
794 2116 930 2156 manum:
962 2096 1074 2156 idcirco
1096 2098 1174 2156 hanc
1196 2115 1321 2155 manum

298 2206 365 2246 cum
394 2188 493 2266 gentis
522 2187 641 2246 nomine
669 2188 784 2263 posuit,
813 2187 893 2262 quod
916 2189 947 2245 in
970 2187 1182 2246 certaminibus
1205 2187 1319 2246 bellicis

296 2277 374 2336 hanc
400 2277 433 2336 in
461 2275 600 2336 subiectis
624 2275 758 2335 adseruit
780 2295 843 2336 esse
867 2278 972 2335 6616116
996 2276 1134 2335 omnibus
1157 2276 1319 2334 fortiorem.

252 2379 279 2418 ro
296 2367 451 2441 totamque
482 2364 537 2424 sub
568 2385 651 2424 arma
683 2369 819 2424 coactam
847 2365 1037 2441 Hesperiam:
1081 2365 1227 2442 generalis
1260 2367 1320 2424 ista

297 2455 448 2514 conclusio
486 2457 633 2530 quantum
664 2454 812 2513 Italorum
849 2457 962 2513 metum
996 2454 1147 2531 signifieat
1177 2454 1319 2529 extitisse,

297 2544 362 2619 qui,
395 2562 462 2602 cum
496 2543 606 2602 scirent
636 2562 748 2618 paucos
776 2562 840 2602 esse
868 2543 1027 2618 Troianos,
1063 2562 1122 2601 non
1155 2563 1319 2616 numerum,

297 2633 348 2692 sed
378 2633 511 2692 virorum
541 2631 749 2691 fortitudinem
776 2634 953 2691 timuerunt!
998 2634 1095 2691 maior
1121 2649 1220 2690 rerum
1246 2633 1320 2690 mibi

295 2723 657 2790 66661616166,6666“66
684 2737 757 2793 opus
784 2739 897 2780 moneo:
933 2721 1156 2798 conparationis
1181 2721 1371 2779 1611661146

251 2825 277 2864 66
296 2811 427 2868 carmine
450 2811 600 2886 superiore
624 2809 784 2868 descendit.
821 2812 854 2868 in
876 2811 932 2869 hoc
955 2811 1034 2869 enim
1052 2810 1197 2869 librorum
1216 2810 1318 2868 ordine

296 2900 381 2956 actus
405 2899 565 2975 superioris
583 2898 726 2974 temporis
745 2898 842 2958 levior
859 2900 1019 2958 invenitur.
1055 2900 1124 2975 plus
1143 2903 1188 2958 est
1207 2900 1318 2976 quippe

297 2987 467 3062 quaesitum
498 2989 611 3048 virtute
644 3008 736 3064 quam
768 2989 828 3047 fuit
858 2988 936 3046 illud
968 2987 1049 3064 quod
1079 2988 1197 3048 casibus
1227 2992 1259 3047 et
1287 2990 1318 3048 vi

295 3076 408 3135 maiore
436 3077 593 3136 constabat
616 3079 767 3137 amissum.
814 3080 910 3136 totam
933 3097 1004 3137 vero
1027 3077 1149 3136 Italiam
1173 3077 1318 3137 coaluisse

296 3164 335 3223 ad
364 3164 476 3224 bellum
504 3165 615 3225 idcirco
646 3168 769 3242 adserit,
799 3169 835 3225 ut
865 3167 1005 3226 ostendat
1030 3167 1148 3224 nullum
1170 3167 1317 3225 Italorum

250 3268 277 3307 ⁸⁰
295 3255 393 3314 virum
416 3253 480 3313 sine
502 3255 601 3314 lurore
623 3256 768 3316 mansisse
791 3256 932 3315 bellandi.
978 3256 1024 3314 his
1053 3256 1086 3313 in
1113 3256 1317 3332 propositione

295 3362 364 3403 cum
383 3343 502 3403 Aeneae
526 3345 629 3405 favore
652 3346 777 3405 conlatis
796 3345 876 3404 redit
898 3345 937 3404 ad
960 3344 1094 3403 ordinem
1112 3345 1316 3420 dispositionis

366 3537 381 3585 1
399 3534 601 3601 praepositione
614 3531 640 3585 V
650 3534 786 3601 positione
800 3533 843 3586 ed.
899 3539 915 3586 5
933 3533 1069 3587 1161166116
1084 3532 1108 3584 V
1122 3534 1236 3587 horrida
1250 3534 1293 3587 ed.
1311 3534 1314 3604 1

293 3604 352 3657 acie
369 3603 400 3657 in
418 3603 551 3658 lemmate
570 3605 642 3658 acies
659 3603 690 3658 in
708 3603 824 3672 interpr.
839 3603 872 3657 V.
934 3610 967 3657 14
986 3606 1157 3658 1161666166
1173 3603 1196 3654 V
1214 3605 1316 3671 femere

294 3674 422 3728 added.
493 3681 525 3729 15
544 3677 684 3742 ferocitate
703 3675 745 3729 ed.
817 3681 849 3728 17
868 3675 980 3730 bopeV
997 3676 1042 3729 bie
1060 3675 1103 3729 ed.
1178 3681 1323 3728 1866166-

293 3746 413 3801 miaibac
435 3762 489 3800 om.
509 3746 656 3815 sequentia
677 3746 803 3814 corrupit
821 3747 865 3801 ed.
938 3752 977 3801 al
993 3746 1164 3801 mooaboV.
1237 3749 1280 3792 ‘aa
1297 3742 1345 3789 tc-

292 3817 352 3871 oior
371 3815 531 3939 Vdfocilior
557 3818 599 3873 ed.
673 3823 707 3875 28
731 3825 872 3892 totumque
897 3819 945 3875 cd.
1020 3823 1059 3872 ab
1079 3801 1358 3887 propostam*

293 3902 357 3941 6611,
379 3904 420 3942 6.
