3142 4375
555 495 558 499 Α
656 452 907 510 nunnmosvn
1226 457 1290 523 105

269 624 462 686 nobilitatem
484 622 674 684 fortissimus.
719 623 771 683 sed
793 640 853 682 uau
874 621 1053 683 Dardaniae
1074 623 1216 683 medicari
1242 641 1290 683 eae

269 714 365 788 opidis
387 714 476 773 ictum
503 713 613 773 evaluit
637 729 730 785 raeque
756 730 823 771 eum
848 713 949 771 iuuere
976 714 1011 771 iu
1036 712 1161 772 uuluua
1188 716 1292 772 cautus

269 804 424 876 suauiteri
446 806 473 861 et
493 802 612 862 Marsis
634 803 783 877 quaesitae
807 802 954 860 meatibus
980 801 1100 861 herbae:
1127 802 1199 861 dum
1225 802 1292 862 vult

270 892 434 952 adrentum
457 892 534 967 eins,
561 893 708 952 virtatem
730 891 929 968 peritiamque
953 889 1131 965 describere,
1159 890 1202 950 sic
1223 910 1291 967 pro·

237 996 343 1058 opera
365 979 511 1040 relatione
535 981 647 1040 exitum
665 999 787 1057 quoque
810 979 873 1039 eius
891 979 1108 1056 interitumque
1131 980 1291 1057 conplexus

269 1073 326 1132 eet.
361 1068 414 1129 ille
436 1070 518 1129 enim
540 1072 713 1147 serpentum
731 1068 862 1129 domitor
880 1070 1034 1128 utcontra
1052 1087 1156 1128 eorum
1175 1087 1292 1129 mamus

269 1162 303 1220 et
324 1177 440 1220 venena
461 1158 661 1236 peritissimus
683 1157 763 1218 ictus
781 1158 937 1218 Dardania
959 1158 1081 1235 cuspide
1105 1158 1164 1219 sibi
1181 1158 1293 1217 mederi

268 1267 332 1309 non
354 1248 573 1326 potuit-neque
596 1268 665 1307 eum
686 1247 829 1309 iuverunt
854 1250 959 1308 cantus
987 1247 1154 1322 somniferi,
1183 1247 1292 1324 quibus

269 1340 445 1400 servaverat
462 1338 618 1415 plurimos,
636 1340 692 1397 aut
709 1338 818 1397 Marsis
833 1338 989 1413 quaesitae
1008 1336 1160 1397 montibus
1174 1337 1292 1412 herbae,

223 1444 252 1485 ro
269 1428 328 1488 boc
351 1428 397 1488 est
413 1426 522 1487 herbae
540 1426 573 1485 in
591 1426 761 1505 regionibus
780 1429 918 1503 repertae
935 1425 1112 1486 Marsorum.
1146 1430 1172 1485 te
1190 1444 1293 1485 uemus

269 1515 424 1592 Anyttiac,
449 1517 542 1576 citrea
565 1520 591 1575 te
613 1517 748 1575 Fucinus
770 1516 867 1584 uuda,
895 1518 922 1574 te
944 1515 1049 1589 liquidi
1070 1517 1174 1587 fluere
1197 1516 1293 1575 lacus:
1304 1528 1354 1578 '160

269 1605 447 1680 doluerunt,
469 1606 583 1681 inquit,
611 1607 724 1665 exitum
747 1608 833 1663 tunm
856 1604 923 1663 loca
946 1623 1075 1680 quorum
1096 1605 1202 1665 incolis
1225 1625 1291 1682 pro·

267 1693 360 1755 fuisti
381 1695 577 1771 frequentius.

342 1783 418 1844 Ibat
444 1788 470 1842 ct
496 1783 652 1858 Hippolyti
675 1783 777 1857 proles
803 1782 1006 1855 pulcherrima
1038 1782 1122 1851 bello,
1159 1783 1293 1842 Virbius:

223 1887 251 1930 rs
269 1873 361 1933 homo
384 1872 416 1931 iu
439 1872 683 1932 dimicationibus
707 1871 823 1931 bellicis
846 1872 1054 1949 probatissimi
1079 1873 1203 1949 generis.
1241 1872 1292 1929 Iu·

268 1962 384 2036 siyuem
413 1978 497 2035 quem
527 1966 621 2021 mater
648 1960 756 2020 Aricia
784 1962 866 2019 uuit
896 1962 1029 2021 eductum
1060 1961 1188 2035 Hycriae
1220 1960 1294 2020 lueis

269 2051 412 2126 Hymetio
430 2054 540 2110 circum
558 2052 656 2119 litora,
671 2051 796 2125 piuyuis
809 2050 862 2109 ubi
876 2054 903 2109 et
909 2050 1070 2123 placabilis
1089 2068 1145 2110 ara
1157 2050 1294 2109 Diauae:

269 2158 308 2200 ex
324 2140 429 2200 Aricia
451 2143 546 2200 matre
565 2141 683 2219 genitus
703 2141 838 2201 nutritus
857 2143 904 2201 est
920 2140 953 2200 in
971 2140 1046 2200 lucis
1064 2139 1191 2218 Egeriae
1208 2140 1294 2199 iuxta

268 2229 416 2306 Hymetia
438 2230 541 2305 litora,
569 2229 622 2288 ubi
645 2230 761 2289 Dianae
791 2248 845 2288 ara
874 2232 1046 2289 consecrata
1069 2232 1122 2289 est.
1167 2241 1355 2302 uamquettt

226 2333 252 2375 so
269 2320 372 2394 fuant
397 2317 531 2395 [fama]:
565 2319 665 2379 ferunt
694 2320 808 2396 inquit,
841 2320 985 2394 quoniam
1013 2318 1118 2378 audita
1144 2320 1294 2378 relaturus

270 2410 332 2484 est,
358 2410 396 2468 ut
423 2409 504 2485 quod
531 2409 613 2468 fama
640 2408 794 2468 ferebatur
815 2407 968 2467 videretur
990 2407 1101 2482 dicere,
1128 2427 1189 2467 non
1214 2408 1295 2484 quod

269 2497 337 2575 ipse
364 2497 454 2574 plena
482 2497 663 2576 cogitatione
691 2496 854 2557 didicisset.
899 2498 1106 2572 Hippolytum,
1139 2501 1295 2570 postquam

270 2590 336 2647 arte
357 2604 498 2647 uouercae
520 2588 656 2646 occiderit
672 2588 848 2660 patriasque
875 2587 996 2659 cupierit
1017 2586 1163 2660 sauyuiue
1180 2603 1295 2658 poenae

270 2676 398 2736 bubalis
421 2676 578 2735 distractus
602 2677 694 2748 equis,
724 2676 764 2734 ad
786 2676 886 2736 sidera
913 2692 1020 2733 rursus
1047 2674 1175 2734 aetheria
1199 2678 1225 2732 et
1246 2691 1295 2732 su-

226 2778 254 2821 re
265 2782 362 2839 perae
384 2765 458 2824 caeli
479 2766 593 2824 neumae
620 2766 674 2823 sub
703 2782 809 2834 auras,
840 2764 979 2822 Paeouiis
1005 2767 1172 2822 reuocatum
1197 2762 1295 2821 barbis

270 2857 300 2914 et
320 2871 421 2914 amore
442 2855 578 2913 Diauae:
600 2852 659 2912 fnit
679 2854 762 2913 fama
780 2853 911 2914 occisum
928 2851 1131 2929 Hippolytum
1147 2870 1294 2911 remeasse

270 2942 305 3003 iu
336 2941 436 3003 lucem
468 2942 600 3002 remedio
631 2943 740 3002 herbae
772 2942 921 3002 Paeoniae
954 2944 984 3000 et
1015 2941 1131 3000 Dianae
1165 2941 1293 3000 amantis

272 3031 397 3111 ansilla.
424 3036 487 3091 tum
499 3037 588 3106 pater
601 3033 781 3106 omnipotens
800 3033 927 3104 aliquem
944 3031 1117 3105 iudiyuatus
1130 3031 1168 3089 ab
1181 3031 1295 3090 umbris
1305 3041 1356 3090 '170

270 3121 425 3181 medalem
445 3122 573 3196 inferuis
596 3123 637 3181 ad
660 3123 774 3181 umiua
797 3137 915 3196 suryere
937 3121 1015 3179 uitae
1036 3120 1099 3192 ipse
1121 3123 1295 3192 repertorem

226 3224 255 3267 eo
270 3210 435 3271 mediuuae
449 3212 518 3270 talis
537 3216 562 3270 et
580 3212 655 3271 artis
672 3212 798 3284 fulmine
810 3210 1023 3284 Pboebiyeuam
1038 3208 1156 3286 Styyias
1173 3209 1297 3268 detrusit

346 3420 363 3470 3
382 3417 447 3471 dum
465 3417 587 3471 uult—9
606 3417 703 3471 herbae
726 3433 780 3470 om.
800 3415 844 3470 ed.
918 3420 933 3469 '1
957 3415 1113 3470 dardaniae
1130 3415 1248 3484 semidae
1260 3413 1294 3469 V.

271 3492 291 3542 8
316 3503 368 3543 eeu
395 3504 445 3556 pro
475 3504 535 3542 eum
557 3486 591 3541 V.
665 3492 699 3540 10
727 3495 778 3542 aut
803 3487 901 3542 herbae
923 3485 950 3538 V
973 3486 1017 3541 ed.
1045 3488 1094 3541 boe
1121 3493 1160 3541 est
1183 3487 1209 3539 b.
1235 3501 1294 3538 nos.

272 3562 308 3614 11
326 3560 413 3615 vitria
426 3558 460 3614 V.
512 3565 546 3612 14
563 3559 707 3628 hyppolity
720 3560 812 3627 prolis
825 3557 858 3612 V.
910 3564 944 3613 16
963 3559 1036 3613 arici
1054 3557 1139 3626 (infra
1152 3558 1250 3623 aritia)
1264 3555 1294 3609 V.

273 3635 307 3685 1⁷
326 3631 452 3701 bymeria
470 3630 555 3697 (infra
572 3631 701 3700 hymetia)
716 3629 749 3683 V.
813 3635 846 3684 18
865 3632 1039 3698 nutritusque
1058 3629 1101 3683 ed.
1165 3632 1199 3681 20
1217 3630 1296 3695 fama

273 3702 356 3757 deest
373 3702 404 3756 in
421 3701 456 3768 V,
475 3702 525 3756 sed
543 3701 708 3770 explicatur.
769 3706 801 3754 21
822 3700 933 3769 quodV
952 3702 1020 3769 quid
1038 3700 1080 3754 ed.
1141 3704 1175 3752 22
1194 3701 1296 3768 coqita·

272 3774 348 3829 timae
361 3772 387 3827 V
402 3773 445 3827 ed.
461 3775 631 3844 coyuitioue?
679 3777 713 3826 23
732 3773 868 3828 occiderat
880 3772 907 3828 V
921 3773 967 3828 ed.
986 3772 995 3845 l
1013 3769 1166 3842 expleretV
1187 3776 1254 3822 -uot
1265 3768 1319 3820 ab.

274 3848 311 3899 it
328 3845 391 3913 quie
406 3861 460 3912 pro
478 3847 554 3914 equis
568 3844 598 3899 V.
619 3844 627 3918 l
647 3845 791 3902 adsiderat
809 3863 862 3918 pro
883 3846 923 3904 ad
942 3843 1093 3904 sideraV.
