3142 4375
668 450 851 507 Anrnlnos
865 450 918 506 vn
1237 456 1302 524 103

281 618 340 678 hoe
367 620 413 678 est
439 616 492 694 ubi
518 619 596 678 vites
623 622 813 696 superessent
841 620 980 680 florentes
1003 618 1068 681 vini
1093 620 1243 698 abertate,
1269 622 1303 681 hi

280 706 389 767 rastris
412 708 534 768 vertant
560 706 663 768 vineta
688 708 825 768 Massiea.
871 714 898 769 et
923 716 996 782 auos
1022 709 1058 769 de
1084 710 1205 771 adibas
1234 711 1303 771 aliis

279 795 422 857 Auruuei
448 797 554 856 misae
576 800 680 869 patres
708 797 897 872 Sidicinaque
924 800 1010 857 irata
1038 815 1166 871 aequom
1197 800 1303 873 quique

282 883 371 946 Oalee
393 886 531 959 liaqeuuet
551 886 704 959 aeuumque
720 887 826 947 uadosi
843 888 943 947 aeeola
961 888 1113 958 Vultuur',
1131 890 1303 962 pariterque

251 974 431 1036 edatieuiue
446 992 534 1049 asper
554 973 748 1048 Oscorumque
765 994 889 1036 manas:
910 977 965 1037 hos
984 978 1081 1037 omnis
1100 978 1303 1057 congregabat
1313 988 1364 1038 '130

280 1064 370 1126 favor
387 1064 490 1124 Tarni.
522 1068 622 1123 teretes
639 1068 709 1123 suut
726 1065 836 1125 aclides
853 1065 914 1125 illas
936 1067 1009 1125 tela:
1025 1085 1087 1126 non
1104 1068 1214 1127 teretes
1232 1069 1303 1127 sunt

279 1154 353 1230 tela,
376 1153 428 1214 sed
449 1155 512 1213 tela
533 1152 595 1213 illis
619 1152 728 1213 aclides
752 1157 824 1214 sant
840 1157 957 1215 teretes.
990 1156 1042 1215 sed
1058 1156 1129 1215 haee
1147 1156 1221 1216 kaie
1239 1174 1303 1216 mos

280 1246 324 1304 ese
346 1246 450 1316 aptare
471 1243 601 1317 ptaaeilo:
629 1242 686 1302 hoo
712 1244 793 1302 enim
820 1261 913 1322 genus
941 1245 996 1305 teli
1021 1245 1141 1323 flagello
1169 1247 1302 1322 aptatur,

279 1334 317 1391 ut
337 1331 399 1392 inei
420 1332 517 1408 possit
539 1334 570 1391 et
592 1331 741 1392 destinata
763 1335 926 1409 pereutere.
971 1334 1072 1393 leam
1099 1338 1197 1393 caetra
1221 1335 1303 1409 tepit:

233 1443 263 1483 ro
279 1421 383 1482 laevas
406 1422 482 1482 satis
504 1422 582 1499 tegit
604 1423 712 1481 caetra.
757 1423 863 1495 falcati
890 1424 1050 1482 comminus
1078 1439 1174 1482 ereses·
1204 1422 1302 1501 desig·

278 1510 381 1572 nando
411 1528 495 1571 enses
526 1510 657 1571 ostendit
687 1511 816 1571 dexteris
849 1511 987 1571 manibus
1019 1512 1092 1571 ferri
1118 1531 1172 1571 nee
1199 1514 1301 1572 tamen

277 1602 391 1675 remos,
414 1602 449 1659 ut
471 1617 536 1659 mos
559 1603 618 1675 est,
641 1599 694 1659 sed
716 1604 855 1661 oneratos
878 1602 911 1659 in
932 1601 1056 1660 modum
1077 1599 1173 1660 faleis.

350 1688 415 1749 Neo
450 1694 483 1748 ta
514 1690 695 1749 carminibus
730 1691 839 1750 uostris
874 1690 1003 1749 radiatus
1034 1691 1142 1758 abibis,
1182 1687 1302 1750 Oebale:

277 1778 403 1856 pulchre
432 1779 544 1838 transit
573 1777 612 1838 ad
640 1778 729 1839 huius
758 1798 881 1855 nomen3
913 1798 984 1839 nam
1011 1779 1083 1839 feeit
1111 1778 1198 1855 quasi
1226 1780 1301 1839 alte·

229 1866 342 1930 rarius
382 1867 565 1929 narrationis
607 1871 712 1943 eaput,
757 1887 818 1928 non
861 1872 907 1948 te,
951 1867 1064 1946 inquit,
1108 1867 1301 1944 praeterient,

277 1954 404 2033 Oebale,
432 1959 566 2017 earmina
590 1975 667 2016 mea.
712 1963 802 2029 quem
820 1975 977 2032 peaaasse
1000 1958 1110 2017 sueton
1135 1956 1301 2016 Sebethride

274 2046 409 2121 uyuepha
434 2049 544 2120 feriar:
574 2046 617 2105 sie
643 2044 734 2106 huius
762 2047 908 2125 originem
934 2049 1053 2123 narrat,
1080 2048 1115 2105 ut
1144 2064 1205 2105 non
1233 2052 1362 2123 pro-⁷35

275 2134 385 2197 batam
416 2135 475 2196 sibi
504 2134 620 2214 aliquid
650 2136 744 2211 dieat,
775 2135 828 2196 sed
858 2137 998 2214 opinione
1027 2137 1216 2214 conpertum,
1248 2134 1302 2196 dat

276 2227 380 2285 umen
402 2227 545 2302 temporis
569 2226 669 2303 signa,
692 2230 728 2284 ut
750 2226 840 2286 fidem
862 2227 957 2286 faeiat
979 2225 1101 2286 auditis.
1136 2226 1300 2297 Teleboeuu,

228 2334 258 2375 so
274 2314 393 2391 inquit,
418 2312 550 2388 Capreas
573 2332 639 2373 eura
660 2332 753 2389 repra
782 2319 889 2375 terreret
914 2316 976 2375 iam
1002 2317 1115 2375 seuier:
1144 2334 1212 2374 eum
1239 2316 1301 2375 iam

275 2403 399 2464 senibus
422 2403 521 2463 senior
542 2406 681 2483 regnaret
704 2403 785 2481 apud
804 2403 948 2480 Capreas,
970 2405 1050 2464 hune
1069 2425 1104 2464 ex
1126 2403 1300 2464 Sebethride

275 2493 412 2570 nympha
434 2494 577 2570 suscepit.
616 2494 728 2566 patriis
750 2494 803 2552 sed
824 2511 884 2552 reu
907 2494 1032 2566 attilius
1050 2495 1132 2553 areis
1151 2498 1300 2555 peraeae

276 2582 336 2641 late
357 2583 420 2641 iam
442 2586 505 2640 tura
527 2583 639 2642 diedone
662 2585 814 2655 premebat
833 2582 1000 2642 Sarrasiris
1025 2584 1149 2657 populos
1177 2587 1203 2641 et
1225 2600 1300 2655 quae

274 2671 356 2746 riaat
383 2688 512 2743 aequae
538 2671 667 2741 Sarnus,
699 2673 805 2744 quisae
831 2672 949 2745 Rufras
975 2672 1176 2744 Boeotosque
1205 2675 1301 2730 teuent

229 2778 257 2820 se
275 2763 364 2833 eique
386 2778 463 2820 area
487 2759 652 2830 Celemnae,
677 2765 703 2819 et
725 2778 797 2833 quos
818 2761 974 2835 maliferae
996 2762 1163 2834 despectant
1182 2761 1360 2819 meeuiateo

273 2848 395 2910 Baiae:
426 2847 555 2910 Oebalus
584 2869 651 2909 oum
678 2850 932 2926 parvipenderet
955 2849 1036 2926 quod
1062 2850 1121 2910 sibi
1143 2849 1300 2908 dimiserat

274 2941 377 3016 pater,
405 2940 505 2998 tenuit
537 2939 611 2999 haee
644 2941 711 2999 looa
745 2942 776 2998 et
810 2960 864 3017 per
896 2959 932 2998 ea
964 2939 1106 2999 dilatavit
1138 2938 1299 3014 imperium

348 3132 364 3181 2
391 3128 485 3182 aeae
507 3126 533 3182 V
559 3128 701 3182 humatio
728 3127 771 3182 ed.
858 3134 876 3181 4
903 3127 1004 3183 aeadoei
1026 3126 1060 3180 V.
1095 3125 1098 3198 j
1132 3126 1241 3181 ulturai
1263 3123 1297 3181 V.

275 3203 292 3253 6
315 3199 427 3255 aehides
450 3199 526 3254 bellis
551 3199 581 3252 in
605 3198 721 3266 interpr.
743 3200 860 3270 aetpdes
878 3198 911 3252 V.
985 3203 1018 3252 10
1036 3199 1105 3265 fatie
1118 3197 1145 3251 V
1160 3198 1229 3252 eatis
1246 3213 1298 3251 noe

275 3285 330 3324 om.
350 3269 394 3324 ed.
430 3269 434 3342 1
467 3277 560 3325 caetra
576 3269 602 3323 V
619 3272 691 3325 souti
707 3287 794 3340 penus
816 3270 881 3323 add.
902 3271 945 3325 ed.
981 3270 984 3340 y
1017 3271 1137 3339 persinas
1157 3285 1208 3336 pro
1227 3283 1298 3323 eom-

274 3341 369 3397 mr'aue
382 3339 416 3395 V.
467 3346 501 3394 13
520 3342 630 3396 habebis
648 3357 699 3410 pro
718 3342 807 3396 abibis
820 3341 854 3396 V.
906 3348 941 3395 14
957 3343 1023 3395 uiue
1036 3356 1134 3394 uomere
1147 3339 1174 3392 V
1191 3341 1298 3393 temere

273 3413 345 3467 mut.
364 3412 409 3467 ed.
473 3417 507 3466 15
523 3411 729 3481 praeterieutV
744 3413 936 3481 praeteribant
954 3412 996 3466 ed.
1065 3417 1100 3465 16
1118 3411 1209 3466 tirelou
1226 3410 1297 3465 sebe-

273 3482 410 3539 tien‘deV
436 3484 471 3538 ef.
492 3489 552 3538 680.
626 3488 659 3537 19
683 3486 812 3552 tempores
835 3483 961 3554 sipuaV
985 3489 1107 3550 tempera
1130 3482 1174 3537 ad.
1205 3481 1208 3553 t
1243 3482 1298 3535 tela

273 3555 356 3610 boran
374 3554 407 3609 V.
481 3561 516 3609 20
534 3557 626 3624 iuquit
649 3570 702 3608 om.
722 3555 766 3610 ed.
840 3562 873 3609 21
897 3556 1007 3610 serrare
1028 3570 1080 3607 om.
1100 3553 1144 3607 ed.
1176 3553 1179 3624 y
1214 3558 1299 3620 eaput

273 3641 409 3695 waere
428 3626 455 3680 V
477 3628 555 3696 apud
577 3627 699 3695 Capreas
721 3642 771 3680 nos
797 3627 875 3695 apud
897 3643 950 3681 om.
970 3625 1026 3680 ed.:
1053 3624 1164 3678 adiecto
1187 3623 1298 3678 senibus

273 3696 309 3751 D.
329 3699 553 3766 eomparativum
571 3697 713 3767 explicare
731 3697 851 3752 videtur.
919 3703 952 3752 22
968 3698 1061 3765 patris
1074 3694 1108 3750 V.
1177 3699 1212 3748 23
1231 3694 1298 3749 Sar-

272 3773 362 3824 maa
380 3769 424 3823 ed.
498 3776 532 3824 24
554 3770 650 3837 rufras
673 3771 697 3839 (s
714 3785 804 3840 prope
822 3768 954 3841 evanida)
970 3767 1009 3825 V.
1030 3767 1044 3842 i
1070 3761 1311 3832 aaoaormmffl

273 3839 464 3908 Batulumque
480 3841 595 3896 ednas.
670 3846 704 3897 26
723 3843 883 3901 eaekmuae
896 3842 934 3901 V.
