3142 4375
647 472 876 528 Annnmosx
1205 478 1270 545 387

250 640 344 701 ocules
370 641 501 715 spatium
527 657 661 701 mensus
684 646 827 715 quactum
853 642 927 701 selis
957 642 1073 702 bastae:
1108 644 1199 719 atque
1225 645 1271 703 ita

250 731 411 791 aestimato
426 729 519 791 oeulis
538 730 710 807 spatioque
729 731 761 790 in
780 749 887 808 corpus
901 731 996 790 hostis
1013 730 1169 807 pervenire
1183 733 1272 793 hasta

244 821 393 897 potuerat
415 819 530 889 deutra,
558 820 671 896 inquit,
700 819 773 878 mibi
796 820 868 879 deus
895 823 922 879 et
943 820 1032 879 tellure
1059 821 1135 894 quod
1160 822 1272 881 musile

250 910 326 972 libro
347 927 429 970 uuue
450 909 559 969 edunt.
595 910 667 985 quia
695 908 833 969 omnibus
855 909 929 969 locis
957 911 1145 987 contemptor
1167 911 1272 971 divum
1314 956 1320 964 .

220 998 350 1059 edictus
372 1000 431 1074 est,
453 1000 625 1074 perseverat
646 996 679 1057 in
701 1016 736 1057 eo
759 1017 798 1057 ne
816 997 904 1057 deum
927 998 1060 1076 aliquem
1079 1002 1165 1078 roget
1187 1000 1271 1062 adse·

248 1106 318 1148 rens
341 1086 400 1148 eibi
417 1088 535 1146 nullum
553 1106 616 1148 esse
630 1088 831 1147 necessarium
854 1087 908 1147 ubi
925 1090 1003 1148 esset
1021 1088 1144 1148 dextera
1166 1107 1223 1149 sua
1240 1092 1272 1150 et

248 1177 339 1238 hasta
353 1196 445 1254 quem
462 1176 593 1255 gerebat,
609 1177 682 1254 quia
694 1176 757 1236 iam
770 1176 882 1236 multos
896 1176 1053 1238 occiderat.
1085 1179 1271 1239 contrarium

242 1268 297 1327 esc
317 1266 388 1327 huic
411 1265 506 1325 omnis
530 1266 601 1325 deos
624 1265 783 1325 inbellibus
801 1266 942 1342 prodesse
963 1284 1024 1325 non
1041 1284 1142 1343 posse,
1165 1268 1192 1326 si
1214 1286 1271 1328 sua

248 1356 362 1416 virtute
384 1375 449 1415 non<
463 1355 567 1415 fidant.
597 1354 656 1416 iste
674 1356 731 1414 hoc
749 1355 870 1415 videtur
887 1354 1013 1415 dixisse:
1036 1355 1109 1415 deus
1127 1355 1203 1415 mihi
1224 1359 1271 1417 est

205 1445 355 1509 ro-dextra
375 1464 456 1520 mea,
479 1463 532 1505 eur
554 1444 593 1504 ad
616 1443 744 1505 ulterius
766 1443 985 1504 adminiculum
1007 1444 1171 1522 quaeram?
1196 1445 1270 1506 deus

247 1532 324 1594 mihi
341 1537 388 1594 est
404 1534 499 1593 telum
516 1554 630 1609 meum,
654 1553 713 1611 quo
731 1552 853 1610 possum
871 1532 986 1593 inimici
1005 1531 1184 1612 sanguinem
1201 1535 1270 1594 fun·

248 1622 332 1699 dere,
346 1642 399 1683 cur
413 1622 545 1699 aliquem
558 1621 683 1701 rogem?
709 1624 771 1682 sint
785 1623 839 1683 alii
853 1622 1002 1700 supplices
1017 1622 1070 1700 qui
1083 1641 1144 1683 non
1157 1622 1270 1684 habent

247 1712 405 1793 proprium
424 1731 483 1789 quo
501 1711 564 1772 tuti
581 1730 644 1772 esse
662 1711 695 1771 in
713 1711 854 1789 perieulis
872 1711 990 1787 possint
1007 1713 1038 1770 et
1051 1713 1168 1773 hostem
1182 1731 1269 1791 supe·
1371 1753 1373 1758 ·

245 1801 316 1862 'rare
335 1802 485 1863 certando.
517 1818 603 1861 coeco
617 1801 780 1877 praedonis
798 1817 916 1876 corpore
937 1802 1033 1875 raptu
1049 1802 1187 1861 indutum
1203 1819 1269 1875 spo
1280 1816 1331 1866 '175

205 1909 231 1953 ro
248 1890 299 1951 ldis
320 1891 419 1964 ipsum
441 1896 480 1960 te,
503 1890 619 1961 Lause,
642 1894 795 1964 tropaeum
812 1888 945 1951 Aeneae:
968 1891 1067 1951 solent
1087 1890 1147 1953 viri
1166 1890 1270 1968 fortes,

248 1998 317 2040 oum
340 1980 471 2056 aliquem
493 1981 593 2041 virum
615 1980 842 2040 memorabilem
863 1979 1009 2057 fundunt,
1036 1978 1094 2039 diis
1117 1979 1268 2057 aliquibus

247 2071 279 2130 et
305 2068 398 2129 Marti
424 2070 472 2129 vel
503 2069 632 2128 maxime
664 2073 790 2147 tropaea
820 2069 951 2129 muneris
979 2071 1011 2129 et
1036 2069 1150 2147 gloriae
1177 2088 1269 2130 causa

247 2158 382 2220 conferre
401 2161 440 2234 et,
458 2177 526 2219 oum
542 2158 576 2219 id
593 2159 719 2236 faciunt,
738 2158 868 2237 deligere
888 2157 1004 2219 arboris
1021 2160 1162 2219 truncum
1181 2158 1269 2237 eique

247 2248 339 2309 occisi
362 2267 446 2308 arma
464 2247 657 2325 suspendere,
678 2250 712 2308 in
729 2251 851 2308 tanturn
873 2251 909 2308 ut
927 2249 1037 2308 armati
1054 2248 1184 2309 hominis
1203 2268 1269 2326 spe·

205 2355 230 2398 so
246 2339 322 2398 elem
336 2337 529 2397 mentiantur.
551 2337 729 2413 Mezentius,
744 2338 798 2415 qui
812 2338 880 2397 deos
897 2356 967 2398 suos
982 2337 1060 2397 dixit
1072 2357 1136 2398 esse
1149 2339 1269 2400 hastam

246 2430 278 2488 et
300 2427 436 2487 dextram
459 2445 545 2487 suam
568 2428 662 2503 atque
684 2428 780 2487 omnis
799 2445 915 2504 semper
937 2429 967 2486 et
985 2426 1097 2504 ubique
1115 2431 1268 2505 contemp·

246 2515 301 2592 sit,
331 2517 381 2576 eui
408 2535 439 2576 se
462 2516 654 2576 conlaturum
676 2514 804 2593 spondet
826 2535 903 2592 quae
931 2534 962 2575 se
985 2515 1126 2593 sperabat
1148 2517 1268 2577 Aeneae

245 2607 389 2682 superato
407 2623 494 2681 posse
513 2603 689 2665 detrahere?
715 2607 883 2682 tropaeum,
902 2605 955 2680 ait,
973 2607 1003 2664 te
1021 2605 1141 2678 faciam,
1159 2604 1267 2682 Lause,

244 2692 370 2755 induam
392 2696 423 2753 te
446 2695 549 2771 spoliis
573 2713 649 2771 quae
663 2693 782 2753 Aeneae
800 2711 928 2770 rapuero
952 2695 984 2751 et
1001 2693 1040 2752 ad
1053 2694 1150 2753 vicem
1167 2693 1266 2754 inanis

202 2799 229 2843 u
245 2784 378 2843 numinis
396 2783 454 2843 tibi
477 2783 653 2843 consecrabo
677 2782 784 2842 melius
803 2781 948 2859 quioquid
966 2781 1082 2841 dederit
1098 2783 1194 2842 hostis
1218 2801 1265 2842 ec·

242 2872 335 2933 eisus.
353 2873 427 2931 ulcu
440 2873 661 2946 stridentemque
675 2873 790 2931 mutuus
802 2872 918 2931 bustum
930 2871 1010 2930 iecit:
1027 2871 1081 2930 ubi
1093 2872 1167 2932 haec
1181 2872 1267 2948 dixit,

245 2961 422 3023 euidentem
439 2961 559 3020 hastam
577 2963 692 3021 eminus
710 2962 790 3021 iecit.
823 2960 903 3036 quod
921 2959 965 3018 ait
983 2959 1112 3036 eminus,
1135 2961 1267 3021 ostendit

241 3054 441 3125 'metuentem3
464 3050 565 3110 nullus
589 3051 669 3109 enim
690 3070 727 3108 ex
744 3048 908 3128 longinquo
926 3049 1001 3110 iacit
1018 3050 1113 3109 telum
1134 3052 1195 3110 nisi
1213 3052 1267 3128 qui

244 3139 327 3200 hosti
353 3139 495 3216 congredi
522 3139 688 3198 comminus
710 3139 806 3199 timet.
847 3143 879 3198 at
899 3139 954 3198 illu
980 3139 1085 3198 uolaus
1112 3141 1201 3213 clipeo
1224 3144 1267 3200 est

199 3244 228 3288 ao
245 3244 368 3289 eeoussa
383 3229 542 3302 proculque
560 3229 705 3303 eprepe'ruu
718 3226 861 3287 Autoreu
879 3229 957 3288 lalus
973 3229 1050 3288 iuter
1067 3232 1094 3288 et
1114 3229 1169 3288 iliu
1185 3230 1266 3303 duit:

244 3318 338 3379 misse
357 3318 446 3377 hasta
469 3318 540 3376 dum
562 3318 658 3392 volat,
682 3317 801 3377 obiectu
824 3316 913 3393 clipei
936 3317 1118 3383 occurrentis
1141 3337 1265 3379 excussa

245 3410 292 3468 est
310 3409 340 3468 et
359 3426 435 3484 quae
454 3407 575 3467 Aenean
593 3405 737 3484 perimere
759 3425 820 3466 non
838 3406 938 3484 potuit
955 3408 988 3466 in
1005 3406 1130 3468 Anton's
1148 3426 1264 3486 corpus,

317 3584 333 3633 5
356 3595 390 3633 ue
413 3578 493 3633 deum
515 3577 633 3661 aliquem
650 3574 763 3661 repetll
780 3578 887 3631 temere
909 3577 977 3630 mut.
997 3576 1041 3631 ed.
1115 3582 1129 3629 7
1154 3578 1221 3646 quia
1238 3577 1264 3631 V

242 3667 307 3778 ew
317 3647 868 3790 qdborrrqdquuqqutqqfqeqqmvuqinequ
880 3653 1031 3788 ἰνέἔεαῗψ
1046 3647 1264 3777 &magt

245 3798 280 3846 19
298 3799 330 3848 ut
347 3798 456 3847 tautum
474 3792 520 3846 ed.
574 3797 608 3845 22
625 3792 738 3861 spoude't
749 3790 783 3845 V.
838 3796 872 3844 29
891 3807 953 3846 eum
969 3791 1044 3846 usu
1061 3790 1105 3845 ed.
1158 3795 1192 3846 30
1211 3809 1263 3846 au·

244 3870 329 3922 torem
347 3863 422 3918 infra
439 3868 554 3919 autoreu
569 3863 602 3932 V,
622 3863 671 3918 sed
689 3863 781 3921 Autor
797 3863 932 3921 Autorcu
947 3861 1054 3933 poscit.
1075 3861 1092 3934 l
1116 3868 1144 3918 et
1164 3861 1280 3915 omssl.

1071 3966 1130 4026 ab*
