3142 4375
657 481 841 538 AENEIDOS
859 480 885 535 X
1214 484 1280 549 329

262 649 434 711 hominibus
458 654 488 711 et
510 651 669 711 interitum
690 650 897 728 plurimorum.
929 652 1002 710 haec
1021 650 1161 711 dicuntur
1178 653 1209 709 et
1225 649 1280 707 im·

261 739 338 817 perii
361 741 626 800 commutationem
647 739 832 817 portendere.
879 739 959 815 quod
983 740 1028 799 ait
1049 740 1134 799 laevo
1157 739 1280 813 lumine,

260 829 323 890 tale
345 832 391 889 est
414 830 502 905 quale
525 830 601 889 illud
625 829 705 905 quod
728 830 774 888 ait
796 821 841 911 (9,
861 821 941 909 355)
970 846 1062 904 „nem
1084 830 1136 887 lux
1158 828 1281 888 inimica

260 916 477 995 propinquat“,
505 921 541 978 ut
568 918 737 978 ostenderet
763 918 864 977 lumen
890 938 951 978 non
978 936 1094 994 semper
1117 936 1180 977 esse
1203 918 1280 993 opti·

229 1024 356 1082 omum,
379 1008 431 1068 sed
454 1007 616 1085 aliquando
640 1007 751 1067 exoriri
773 1007 964 1067 contrarium.
1010 1026 1079 1066 nam
1104 1008 1232 1066 cometes
1250 1010 1281 1065 et

261 1094 357 1155 Sirius
386 1098 473 1157 tanto
505 1100 575 1156 sunt
603 1097 765 1173 perniciosi
795 1098 909 1172 quanto
939 1096 1052 1155 fuerint
1078 1097 1145 1155 luce
1167 1096 1280 1155 maiore

258 1203 418 1262 perspmm.

331 1275 418 1333 Haut
443 1279 541 1335 tameo
569 1275 677 1334 audaci
706 1276 807 1333 Turno
833 1275 945 1346 fiducia
972 1275 1056 1333 cessd
1083 1275 1170 1334 litora
1191 1291 1280 1347 prae·

260 1364 354 1437 opere
383 1368 410 1423 et
437 1365 579 1423 sentientis
603 1364 713 1438 pellere
742 1368 835 1422 terre:
864 1382 933 1421 cum
962 1364 1113 1421 contraria
1143 1363 1279 1440 pertibus

216 1470 243 1512 io
259 1453 323 1512 suis
347 1453 466 1513 Tmnus
494 1452 654 1529 aspiceret,
681 1472 742 1511 non
768 1452 900 1529 perdidit
927 1471 962 1510 ex
992 1471 1026 1511 eo
1050 1451 1119 1511 visu
1142 1455 1278 1511 constan·

258 1540 348 1617 tiam,
371 1542 423 1602 sed
446 1542 572 1601 audacia
596 1561 656 1618 qua
680 1560 796 1619 semper
819 1543 865 1600 cst
886 1560 958 1601 usus
987 1541 1145 1601 consilium
1171 1540 1278 1614 tenuit,

259 1632 296 1690 ut
324 1634 394 1690 ente
424 1633 545 1707 caperet
571 1633 696 1706 terram,
724 1650 761 1689 ne
783 1630 901 1690 Aeneas
923 1631 972 1690 vel
1000 1631 1054 1707 qui
1081 1648 1149 1688 oum
1172 1648 1206 1688 eo
1228 1649 1278 1688 ve·

259 1722 367 1779 nerant
395 1720 523 1779 naribus
556 1723 782 1796 exponerentur.
837 1719 992 1779 inducitur
1024 1719 1115 1777 dictio
1149 1717 1277 1777 hominis

259 1808 382 1868 audacis
406 1811 436 1868 et
459 1809 522 1869 eius
547 1810 601 1885 qui
624 1809 719 1868 nollet
741 1828 810 1869 suos
832 1809 1034 1885 trepidatione
1057 1806 1208 1880 confundi,
1227 1808 1278 1865 ad-

216 1912 242 1955 ro
258 1898 383 1958 serentis
413 1898 554 1975 prodesse
586 1898 687 1974 potius
721 1898 801 1976 quod
830 1899 931 1974 potuit
958 1897 1054 1957 videri
1085 1896 1278 1956 contrarium.

258 1986 387 2065 denique
415 1988 458 2047 sic
485 1988 597 2064 coepit:
625 1988 701 2061 qood
726 1989 801 2046 cotis
827 1988 950 2060 optastis
976 1987 1070 2054 odat,
1092 1986 1279 2059 perfrinpere

257 2076 374 2135 deutra:
403 2077 436 2135 ie
462 2078 601 2135 manibus
623 2078 714 2136 Mors
739 2078 803 2149 ipsc
831 2078 913 2137 ciris.
956 2093 1035 2134 nunc
1062 2076 1193 2149 coniugio
1221 2078 1340 2134 conso

257 2166 377 2240 qumque
408 2183 480 2226 suae
512 2166 630 2240 tectique
660 2183 777 2235 monor,
808 2183 886 2226 nunc
915 2184 1025 2240 meroe
1053 2165 1158 2238 referto
1187 2166 1277 2238 fucta

253 2259 375 2327 patrem
394 2256 511 2315 laudes:
528 2255 659 2329 tandem,
677 2256 787 2332 inquit,
806 2256 887 2330 socii,
906 2256 987 2332 quod
1006 2255 1170 2331 cupiebatis
1194 2255 1277 2313 effec-

214 2357 240 2400 ro
256 2347 324 2404 tmn
346 2347 405 2419 est,
424 2345 540 2404 hostem
558 2343 726 2404 hebetisin
745 2344 896 2418 manibus,
916 2344 1026 2404 exerite
1045 2343 1194 2417 dexteras,
1212 2343 1276 2419 ipse

256 2432 337 2493 Mars
360 2433 466 2493 attulit
490 2451 563 2511 quos
587 2433 727 2493 caedatis.
769 2437 927 2510 propterea
950 2434 993 2493 sic
1016 2419 1128 2509 coepit,
1148 2433 1231 2509 quia,
1250 2433 1277 2491 si

213 2544 215 2549 ·
256 2521 311 2581 alii
332 2524 412 2582 turri
435 2541 470 2581 ac
492 2524 574 2582 fosse
598 2522 834 2583 defendebantur
856 2526 887 2583 et
908 2524 1015 2595 muris,
1033 2522 1086 2580 isti
1103 2522 1226 2581 inerunt
1244 2522 1276 2579 in

257 2614 369 2689 aperto.
405 2611 437 2670 in
461 2611 599 2671 manibus
622 2612 702 2671 Mars
725 2611 790 2688 ipse
813 2612 899 2671 viris:
923 2612 1058 2688 quisquis
1078 2611 1208 2685 virilem,
1230 2609 1275 2667 in·

257 2699 337 2776 quit,
361 2699 494 2759 animum
516 2702 594 2778 gerit
616 2700 692 2760 fidat
713 2701 852 2760 manibus
875 2702 936 2760 suis
960 2703 990 2760 et
1006 2700 1173 2777 praesentis
1193 2717 1276 2757 occa·

211 2803 238 2845 so
255 2788 370 2849 sionem
396 2790 541 2866 temporis
569 2810 630 2849 non
658 2791 788 2850 omittat.
839 2790 944 2849 dehinc
972 2792 1119 2865 oportune
1146 2787 1276 2864 primam

255 2879 419 2956 coniugum
445 2881 548 2955 posuit
575 2898 709 2954 causam,
741 2881 776 2938 ut
809 2879 1014 2955 unusquisque
1049 2878 1185 2956 cogitans
1224 2877 1274 2934 ad-

254 2985 343 3028 versa
373 2967 543 3027 certaminis
577 2968 650 3045 quid
679 2969 746 3045 pati
776 2987 852 3027 uxor
882 2967 1019 3028 hostibus
1051 2965 1274 3027 dominantibus

254 3057 353 3133 possit
381 3058 482 3116 animo
512 3057 706 3134 praevidente
733 3060 877 3117 mactaret
908 3060 938 3116 et
970 3057 1117 3116 eiusmodi
1143 3054 1275 3114 ludibria

253 3146 376 3206 virtutis
404 3146 516 3205 auxilio
546 3148 748 3222 praeveniret,
778 3149 912 3206 tueretur
941 3166 1061 3223 quoque
1090 3146 1192 3204 omnis
1219 3163 1275 3203 sua

210 3247 236 3289 so
250 3252 331 3310 ¹quae
362 3234 443 3294 domi
472 3234 639 3310 habuisset,
670 3256 706 3294 ne
734 3236 923 3294 inimicorum
951 3234 1114 3294 commodis
1137 3234 1275 3293 cederent

254 3342 332 3401 quse
355 3324 440 3402 longi
462 3325 606 3401 temporis
625 3327 815 3403 congesserat
832 3324 926 3383 labor.
958 3323 1063 3383 debere
1082 3325 1152 3382 ante
1171 3323 1273 3382 oculos

325 3515 341 3565 2
360 3511 601 3566 commodatioecm
611 3511 662 3565 VR
675 3528 744 3566 corr.
759 3512 803 3567 ed.
859 3518 875 3566 6
889 3512 1038 3581 pernitiose*
1050 3510 1101 3564 VR
1115 3513 1215 3565 -ciores
1229 3510 1272 3566 ed.

253 3585 269 3635 ‘1
290 3583 408 3652 perspei
427 3581 460 3636 V.
535 3588 568 3637 10
594 3599 628 3637 ex
652 3600 705 3637 om.
728 3583 771 3637 ed.
846 3589 878 3635 12
903 3589 1035 3637 veneant
1053 3582 1104 3636 VR
1127 3588 1207 3636 aaut
1228 3583 1272 3635 ed.

252 3658 287 3707 16
305 3652 423 3722 mique
440 3655 481 3708 sic
498 3656 585 3723 coepit
603 3671 656 3708 om.
672 3655 714 3708 ed.
783 3659 816 3707 1⁷
835 3655 1002 3709 tremoribus
1020 3653 1052 3708 It.
1121 3658 1155 3706 20
1174 3654 1274 3709 emerite

251 3724 379 3780 timaus
400 3724 453 3778 VR
480 3732 597 3780 exueste
624 3726 735 3780 dextrae
761 3726 804 3779 ed.
885 3731 919 3778 22
944 3726 1031 3779 muris
1054 3723 1106 3778 VR
1130 3726 1204 3778 muri
1228 3724 1272 3778 ed.

251 3799 287 3850 28
303 3796 408 3851 videres
425 3812 476 3864 pro
494 3799 563 3851 ciris
575 3795 627 3849 VIt
646 3799 741 3866 (supra
759 3798 854 3866 recte).
927 3802 962 3850 24
982 3803 1059 3868 quot
1076 3796 1124 3851 ed.
1144 3795 1160 3866 t
1182 3811 1285 3849 moun

249 3867 356 3923 aim
373 3866 406 3921 R.
480 3871 514 3920 28
525 3869 618 3936 possit
633 3868 660 3921 it
672 3869 771 3938 posuit
784 3867 818 3924 V.
