3142 4375
618 479 881 534 nurumosvm
1197 483 1259 548 117

240 649 345 709 citudo
376 652 422 709 est
450 648 482 708 in
509 648 625 709 ratione
653 649 813 723 bellorum,
844 651 880 707 ut
909 646 1115 723 unusquisque
1144 649 1263 708 noverit

241 738 318 815 quid
330 738 436 799 bostes
455 740 556 816 agant,
575 738 647 815 quid
669 738 842 797 moliantur.
877 738 950 796 baec
971 737 1066 814 igitur
1082 737 1201 796 Aeneas
1219 737 1262 797 sic

240 830 383 902 noverat,
409 829 444 886 ut
472 827 573 887 eadem
602 828 670 904 ipsa
697 845 757 886 non
785 826 884 886 solum
910 825 1042 901 audisse,
1069 827 1121 886 sed
1144 846 1262 887 cernere

240 917 408 992 videretur,
439 916 483 975 ita
515 918 611 977 omnis
644 920 729 976 actus
762 915 898 976 diversae
926 916 1022 991 partis
1051 916 1262 994 investigando

206 1006 413 1083 scollegerat.
459 1025 567 1084 magno
595 1008 697 1065 autem
724 1005 820 1064 animi
846 1007 931 1065 aestu
955 1006 986 1062 et
1008 1005 1176 1065 vehementi
1199 1005 1262 1084 agi·

241 1095 368 1155 tabatur
385 1096 576 1155 considerans
599 1098 693 1155 totius
715 1094 825 1154 Italiae
848 1095 1017 1153 factionem.
1049 1096 1151 1154 aestus
1170 1096 1263 1154 animi

242 1203 278 1245 ex
305 1202 398 1245 eausa
424 1184 632 1244 translationis
661 1186 733 1244 dicti
756 1185 840 1258 sunt,
869 1186 1001 1244 ceterum
1028 1183 1147 1260 proprie
1169 1185 1262 1244 maris

242 1274 384 1334 dicuntur
404 1276 517 1348 aestus,
541 1292 610 1332 cum
629 1274 712 1332 ultra
733 1277 876 1333 naturam
896 1292 983 1333 suam
1001 1273 1105 1349 aliqua
1123 1291 1263 1333 excausa

241 1363 365 1423 tollitur
390 1364 445 1422 aut
463 1354 607 1421 inundat.
652 1382 706 1422 nec
732 1363 873 1421 inmerito
899 1362 994 1440 igitur
1015 1362 1262 1439 prudentissimus

199 1468 225 1509 rc
242 1452 369 1511 diversis
384 1451 616 1529 cogitationibus
636 1454 666 1511 et
683 1450 899 1512 inaestimabili
912 1470 985 1510 cura
1002 1452 1062 1510 huc
1080 1454 1170 1528 atque
1189 1452 1263 1511 illuc

241 1540 367 1619 propria
394 1541 528 1618 cogitata
554 1541 684 1601 tenebat.
736 1540 857 1600 videbat
883 1540 963 1599 enim
990 1540 1122 1600 adversis
1145 1560 1263 1600 omnem

241 1630 367 1690 Italiam
390 1630 498 1689 studiis
522 1631 715 1706 conspirasse,
733 1632 858 1689 missum
881 1648 1001 1706 quoque
1024 1630 1116 1688 etiam
1135 1630 1173 1688 ad
1191 1630 1263 1689 Dio·

241 1719 358 1793 meden,
377 1739 467 1795 quem
480 1740 540 1779 non
554 1720 695 1796 sperabat
713 1720 827 1778 auxilia
849 1721 1039 1796 negaturum,
1057 1718 1264 1778 considerabat

243 1827 316 1886 opes
340 1827 422 1883 suas,
442 1828 519 1884 quae
543 1812 647 1868 contra
669 1812 770 1868 tantos
795 1828 830 1868 ac
852 1808 923 1867 talis
947 1810 1027 1868 stare
1050 1826 1110 1866 non
1133 1810 1264 1884 possent,

200 1912 225 1954 rs
242 1900 349 1975 utpote
373 1917 449 1974 quae
473 1900 573 1957 essent
594 1898 668 1957 satis
692 1899 817 1975 exiguae
836 1901 866 1957 et
883 1897 975 1957 nullis
994 1896 1176 1956 extrinsecus
1195 1896 1263 1956 sub·

243 1987 328 2047 sidiis
356 1987 460 2046 fultae.
505 1987 578 2046 baec
607 1988 797 2063 exposuimus
821 1989 910 2062 capta
927 1988 1098 2046 coniectura
1121 2005 1156 2045 ex
1178 2005 1264 2063 prae·

243 2075 387 2151 sentibus,
406 2078 537 2135 ceterum
553 2079 644 2151 poeta
657 2077 756 2136 nullas
771 2077 989 2155 cogitationum
1002 2075 1139 2153 specialis
1158 2094 1264 2135 causas

243 2166 365 2243 aperuit
394 2165 598 2226 aestimationi
626 2166 799 2242 relinquens
829 2185 907 2242 quae
936 2165 987 2226 ille
1017 2185 1071 2242 pro
1101 2166 1181 2241 loco,
1208 2185 1263 2244 pro

241 2265 385 2332 tempore,
403 2275 457 2332 pro
476 2275 613 2334 persona,
630 2275 685 2331 pro
704 2275 796 2315 causa
814 2255 933 2315 volvere
951 2274 1052 2315 secum
1070 2255 1133 2331 ipse
1156 2256 1265 2331 potuit.

200 2359 226 2401 ro
243 2344 438 2405 nibilominus
464 2347 541 2404 mira
568 2348 631 2404 arte
654 2346 798 2404 tractavit
821 2349 962 2404 naturam
986 2345 1092 2418 animi,
1111 2347 1178 2422 qui,
1197 2364 1265 2404 cum

244 2434 370 2494 diversis
400 2440 437 2493 ut
464 2454 546 2493 mare
577 2434 708 2509 coeperit
732 2435 869 2493 aestibus
900 2435 1025 2511 agitari,
1053 2436 1113 2494 cito
1141 2435 1172 2492 in
1200 2434 1264 2494 alta

243 2524 363 2599 rapitur
387 2526 417 2582 et
440 2525 499 2583 cito
522 2526 687 2583 revocatur.
724 2523 820 2582 mittit
842 2524 1100 2599 conparationem,
1120 2526 1155 2582 ut
1173 2543 1263 2583 unus·

244 2613 371 2688 quisque
400 2612 492 2672 animi
519 2613 731 2688 mobilitatem,
765 2631 858 2689 quam
884 2613 1027 2672 latentem
1059 2615 1091 2671 in
1122 2614 1264 2672 interiore

243 2702 373 2778 pectoris
401 2721 461 2760 non
487 2703 607 2777 poterat
635 2720 766 2775 cernere,
793 2701 949 2778 proposito
976 2701 1092 2761 videret
1115 2702 1264 2777 exemplo:

198 2803 226 2846 rs
244 2791 321 2850 sicut
336 2809 429 2864 aquae
443 2791 598 2849 tremulam
613 2792 704 2849 labris
717 2792 769 2849 abi
783 2792 881 2850 lumea
895 2792 978 2851 aenis
991 2791 1050 2849 sole
1063 2808 1265 2863 repercussam

245 2884 297 2941 cat
315 2881 464 2939 radicatis
481 2881 609 2954 imagine
628 2881 716 2939 lacae
734 2881 835 2939 amaia
849 2880 1008 2953 pervolitat
1026 2879 1083 2939 late
1106 2880 1168 2938 loca
1190 2880 1264 2938 iam-

245 2986 299 3041 que
317 2971 372 3027 sab
391 2986 484 3027 auras
503 2971 625 3044 cripitur
643 2971 805 3041 siccarique
822 2971 893 3042 ferit
915 2970 1069 3041 laquearia
1086 2969 1166 3039 tecte}
1184 2981 1308 3045 aqueae

245 3061 325 3117 'enim
347 3057 519 3134 patentibus
543 3061 623 3117 vasis
648 3058 767 3118 condita
791 3060 822 3117 et
843 3077 985 3133 percussa
1007 3059 1080 3117 solis
1103 3058 1151 3117 vel
1174 3058 1264 3116 lunae

244 3145 351 3221 radiis,
375 3149 401 3205 si
423 3147 533 3205 habeat
555 3150 683 3222 motum,
707 3147 819 3206 emittit
842 3167 878 3205 ex
901 3166 964 3206 sese
987 3147 1139 3223 quoddam
1163 3147 1265 3206 lumen

196 3250 227 3292 cc
245 3255 356 3313 vagum
380 3238 471 3311 atque
495 3236 661 3296 discurrens
684 3240 713 3296 et
735 3255 815 3295 nunc
836 3238 917 3296 tecta
939 3238 1007 3313 ipsa
1029 3255 1108 3295 nunc
1134 3238 1264 3312 parietes

246 3324 328 3383 omni
346 3325 498 3383 celeritate
517 3327 673 3401 percurrit,
697 3325 777 3401 quod
800 3327 900 3402 ipsum
923 3325 1033 3385 idcirco
1056 3327 1189 3402 positum
1211 3327 1265 3400 est,

244 3416 280 3472 ut
297 3414 494 3491 intellegatur
512 3417 625 3490 quanta
644 3414 813 3474 mobilitate
833 3415 949 3475 animus
963 3416 1082 3474 Aeneae
1101 3436 1155 3492 per
1169 3415 1265 3474 diver-

246 3521 294 3565 sas
325 3502 522 3580 cogitationes
553 3503 692 3562 videatur
721 3505 894 3564 cucurrisse.
939 3523 997 3564 aaa
1027 3509 1090 3563 erat
1117 3508 1143 3563 et
1171 3508 1265 3562 terras

318 3660 333 3708 1
353 3655 496 3710 acceritV
515 3656 652 3724 intelligat
674 3655 717 3709 ed.
797 3663 813 3708 2
837 3663 985 3711 acoaoatar
1003 3656 1027 3710 V
1046 3657 1198 3712 metuatur
1214 3672 1265 3710 noe

244 3727 396 3781 iaaccatar
410 3726 465 3782 ΗΟ
483 3729 629 3782 iaaouctur
643 3726 685 3781 ed.
739 3732 882 3783 tueracrc
895 3727 921 3781 V
938 3729 1039 3783 cidisse
1055 3728 1098 3783 ed.
1152 3733 1184 3782 15
1203 3728 1265 3783 aal-

247 3798 282 3922 1223
290 3797 501 3924 dedudliddtedd
546 3804 579 3852 18
598 3800 784 3853 aestimatione
795 3799 820 3851 V
834 3801 882 3854 -ai
896 3799 941 3855 ed.
995 3804 1032 3854 ‘lt
1049 3796 1282 3855 taaucaeaasa.
