3142 4375
264 490 306 555 28
549 486 689 543 nouam
705 488 999 544 111111111111.

264 658 305 715 sit
336 656 391 715 sub
422 655 555 735 imagine
584 675 705 717 servans
732 656 853 733 falcem,
884 658 928 717 sic
954 654 1034 716 enim
1060 657 1116 717 sub
1140 656 1287 735 imaginis

265 745 357 805 oculis
385 746 457 819 init,
486 748 524 804 ut
551 747 673 806 ferentis
704 747 872 822 aspectibus
899 765 1016 823 semper
1047 750 1126 807 esset
1157 745 1287 807 obiecta.

264 853 387 894 curvam
416 854 469 894 cur
497 834 607 893 dixerit
632 835 827 895 manifestum
853 838 912 911 est,
944 837 988 895 sic
1017 836 1095 894 enim
1126 837 1290 911 formatur,

264 927 363 983 crecta
399 923 510 1001 quippe
550 925 643 984 aliam
683 923 812 1001 speciem
851 926 934 984 facit.
983 926 1111 998 Iouique
1149 925 1291 998 bifrontis

263 1015 375 1087 iuiupo:
405 1032 480 1088 una,
511 1013 624 1091 inquit,
653 1013 721 1072 Iani
751 1017 855 1073 statua
886 1014 959 1088 fuit,
990 1013 1042 1075 sed
1072 1013 1146 1073 duas
1178 1013 1291 1074 habuit
1324 1032 1337 1071 1

264 1103 377 1161 frontes
406 1102 588 1179 perindeque
619 1102 711 1162 facies
743 1103 833 1177 duas,
864 1123 957 1163 unam
986 1123 1058 1180 prae
1088 1122 1129 1178 se,
1159 1104 1291 1162 alteram

265 1192 360 1251 dorso.
407 1192 515 1264 aliique
542 1193 580 1250 ub
608 1193 720 1266 origiue
744 1210 840 1267 repes:
872 1192 1036 1268 aspeciali
1063 1192 1291 1252 enumeratione

266 1281 304 1340 ad
335 1280 564 1358 generalitatem
596 1300 626 1340 se
660 1282 808 1340 convertit
840 1282 1004 1357 conpendio
1030 1281 1179 1340 referendi
1210 1300 1289 1341 usus

265 1373 296 1428 et
325 1369 381 1429 illa
413 1388 503 1429 causa
534 1371 582 1429 111
613 1370 753 1445 maxime,
785 1373 821 1429 ut
850 1373 973 1448 augeret
1001 1372 1151 1431 maiorum
1182 1368 1290 1429 Latini

264 1478 435 1534 numerum,
463 1460 496 1518 in
519 1459 715 1536 generalitate
738 1460 818 1519 enim
839 1460 957 1519 infinita
985 1460 1155 1520 aestimatio
1182 1461 1229 1518 est
1255 1464 1290 1520 et
1311 1478 1339 1517 io

264 1549 334 1624 plus
352 1547 540 1626 intellegitur
558 1568 650 1626 quam
663 1550 774 1609 veritas
792 1550 893 1609 habet.
923 1550 1096 1621 Martioque
1107 1549 1143 1608 ob
1152 1548 1291 1621 putrium

260 1638 424 1712 pupuuudo
447 1638 572 1697 cuiueru
588 1640 691 1713 possi:
722 1641 877 1697 tantarum
899 1639 947 1697 illi
969 1638 1132 1715 gloriarum
1155 1638 1291 1713 fuerunt,

265 1729 300 1785 ut
327 1745 381 1803 pro
409 1728 510 1803 patria
537 1729 593 1787 hoc
621 1731 667 1787 est
694 1746 747 1803 pro
773 1727 888 1785 tuenda
914 1728 1054 1787 libertate
1076 1728 1126 1787 vel
1149 1727 1291 1804 augenda

265 1816 419 1892 republica
442 1836 497 1876 sua
520 1819 551 1875 et
572 1834 724 1893 pugnasse
747 1836 797 1877 eos
821 1836 908 1892 saepe
931 1820 962 1876 et
979 1818 1105 1876 vulnera
1123 1818 1291 1894 pugnantis

267 1906 413 1982 excepisse
439 1905 571 1963 dubitari
593 1924 654 1963 non
684 1909 792 1981 posset.
837 1907 986 1978 uultuque
1008 1910 1164 1979 praetcrea
1192 1907 1290 1965 sacris
1311 1923 1339 1963 11

265 1997 297 2052 iu
317 1996 451 2068 postibus
479 2012 580 2053 uruiu:
610 1994 724 2053 indicia
753 1997 856 2053 autem
884 1994 1006 2053 virtutis
1035 1995 1167 2071 ipsorum
1198 1997 1290 2071 rapta

266 2082 403 2142 hostibus
427 2083 525 2159 spolia
547 2084 750 2157 testabantur,
780 2102 857 2159 quae
883 2084 976 2142 infixa
1003 2084 1138 2159 postibus
1168 2085 1218 2142 111
1242 2086 1289 2143 in-

266 2172 360 2232 terius
383 2173 517 2250 reposita
540 2172 612 2249 quid
635 2174 749 2252 singuli
767 2172 930 2252 gessissent
947 2175 1081 2250 apertius
1104 2172 1287 2234 indicabant.

267 2261 478 2321 describuntur
496 2263 599 2321 eadem
617 2264 684 2340 ipsa
702 2263 759 2322 hcc
778 2263 880 2322 modo:
899 2264 1008 2337 captiui
1021 2263 1151 2336 peudeut
1168 2279 1287 2322 uum:

267 2369 371 2410 currus
389 2352 469 2410 inter
487 2370 571 2410 arma
589 2352 797 2428 principaliter
809 2352 922 2428 posuit,
941 2352 1021 2428 quod
1039 2352 1153 2411 fuerint
1171 2351 1288 2411 adversi
1307 2367 1337 2408 ao

266 2439 417 2515 hostibus3
436 2460 587 2500 armorum
606 2442 685 2500 enim
704 2441 937 2520 significationes
957 2443 987 2499 et
1005 2441 1118 2499 multas
1136 2439 1290 2518 Vergilius

267 2528 369 2607 posuit
387 2533 417 2588 et
435 2529 577 2604 diversas,
591 2531 716 2607 proinde
730 2550 785 2607 pro
806 2530 895 2590 armis
909 2529 1039 2589 habetur
1059 2529 1203 2607 quicquid
1220 2529 1290 2589 hos·

227 2626 257 2674 15
267 2623 328 2678 tem
342 2637 513 2697 expugnare
527 2620 666 2695 potuerit.
699 2637 861 2692 curvaeque
874 2636 989 2678 secures
1003 2623 1029 2677 et
1042 2620 1147 2678 cristae
1159 2619 1292 2690 capitum

268 2713 294 2766 ct
307 2712 464 2782 portorum
481 2710 611 2782 iupeuiiu
630 2710 774 2768 claustra:
802 2709 902 2768 omnia
921 2707 984 2768 sine
997 2709 1086 2767 modo
1101 2708 1149 2767 111
1165 2726 1292 2768 numero

268 2799 381 2875 posuit,
399 2802 434 2857 ut
452 2799 521 2876 plus
540 2798 704 2856 arbitretur
721 2797 926 2874 unusquisque
943 2816 1034 2873 quam
1052 2798 1121 2856 fuit.
1167 2817 1203 2856 nc
1218 2812 1292 2858 vero
1311 2813 1339 2853 re

266 2889 299 2944 in
331 2887 551 2966 expugnatione
586 2887 743 2947 civitatum
775 2889 866 2963 atque
904 2889 1063 2964 portarum
1102 2887 1166 2946 leve
1203 2887 1293 2962 quid-

268 2976 337 3034 dam
351 2976 502 3035 videretur
520 2977 666 3050 effectum,
684 2975 820 3054 ingentia
833 2975 935 3052 inquit
953 2975 1094 3050 claustra,
1113 2979 1148 3034 ut
1166 2985 1293 3051 aspectu

268 3065 457 3124 ostenderent
480 3069 627 3142 quantum
650 3065 761 3125 laboris
779 3065 888 3124 fuisset
904 3066 1072 3141 inpensum,
1094 3067 1130 3123 ut
1147 3067 1293 3141 superata

267 3155 497 3213 retraherentur.
534 3155 704 3228 spiculoque
726 3155 866 3228 clipeique
884 3158 1037 3228 ereptoque
1053 3158 1151 3213 rostro
1169 3154 1292 3222 curiuis,

340 3382 356 3430 5
379 3378 471 3445 imago
495 3375 636 3429 lemmatis
661 3375 725 3429 finis
747 3376 777 3429 in
796 3374 822 3429 V
843 3377 975 3431 uestibulo
997 3377 1128 3431 1111111111
1150 3375 1214 3428 add.
1237 3377 1292 3445 ed,

269 3449 318 3503 sed
337 3465 394 3502 non
411 3446 575 3516 explicatur.
630 3452 645 3500 ‘1
664 3448 758 3502 deorao
772 3446 797 3498 V
811 3464 883 3516 prce
899 3448 979 3502 dorso
997 3447 1041 3502 ed.
1068 3447 1071 3519 1
1096 3464 1115 3501 o
1133 3464 1186 3501 om.
1201 3446 1227 3501 V
1246 3448 1291 3502 ed.

270 3525 285 3572 9
304 3521 434 3574 maiorem
452 3518 496 3574 cd.
553 3524 585 3572 12
604 3517 761 3573 1111111111.
785 3519 789 3591 1
814 3521 873 3573 iilic
887 3518 912 3572 V
929 3520 974 3574 ilii
991 3536 1054 3573 nos:
1074 3518 1167 3572 locum
1184 3521 1292 3574 temere

269 3592 338 3644 mut.
357 3591 401 3644 ed.
474 3595 507 3644 15
526 3590 654 3645 dubitare
671 3589 698 3641 V
717 3607 785 3645 corr.
805 3590 875 3645 ch.
950 3595 982 3645 17
1002 3591 1238 3659 quoe—iuterius
1260 3592 1292 3645 in

271 3661 423 3715 absurdum
442 3662 567 3730 corrupit
585 3661 628 3715 ed.
686 3667 718 3716 18
737 3662 916 3717 cessimmtV
935 3679 1005 3716 corr.
1024 3661 1068 3715 ed.
1123 3667 1158 3715 20
1176 3662 1292 3728 fuerumt

271 3732 313 3787 ed.
396 3739 429 3786 23
452 3735 576 3802 potuerit
596 3732 622 3787 V
645 3735 735 3803 possit
761 3734 805 3788 ed.
887 3739 920 3788 27
949 3740 1075 3802 aspectus
1096 3733 1123 3785 V
1150 3749 1219 3787 corr.
1246 3734 1291 3790 ed.

271 3807 305 3858 28
332 3812 453 3873 pacuius
484 3806 587 3860 laboris
612 3805 698 3871 fuisse
722 3804 748 3858 V
776 3822 846 3859 corr.
874 3805 918 3860 ed.
957 3804 961 3875 Ι
1001 3811 1132 3873 eupuutu
1163 3822 1218 3859 om.
1246 3805 1290 3860 ed.

227 3852 242 3951 }
268 3879 304 3928 29
320 3878 545 3932 mbuuhcreutuo
562 3875 604 3931 ed.
