3142 4375
655 473 906 530 1111111111
1246 478 1289 545 89

268 644 381 719 tenuit,
409 661 477 702 oum
503 641 609 719 rupem
633 641 813 702 describeret
835 645 866 702 et
887 643 990 721 pelagi
1016 642 1159 703 tumentis
1181 644 1289 705 fluctus

268 735 299 793 et
321 732 436 792 rabiem
458 731 550 791 maris
574 733 604 791 et
623 732 724 809 algam
746 734 777 790 et
795 732 904 791 molem
927 733 957 791 et
978 732 1070 806 ictus,
1094 733 1222 809 arripuit
1241 733 1290 793 hic

267 840 388 899 quoqne
410 820 641 881 translationem
664 820 763 880 dicens
787 820 888 899 frangi
913 821 1069 881 commoda
1095 821 1215 899 imperii
1242 824 1290 882 sui

266 915 298 972 et
322 930 406 989 spem
432 909 585 988 publicam
611 909 778 985 inprovidis
806 909 921 969 nisibus
947 912 1104 987 tamquam
1129 912 1290 990 naufragio

236 1016 248 1058 s
266 1001 388 1062 laniari.
416 1001 537 1078 signata
555 1017 626 1076 ergo
644 1000 747 1075 posuit
760 998 852 1059 verba
870 999 1024 1060 conferens
1043 1019 1169 1076 eaquae
1189 1002 1290 1061 oriun-

266 1094 320 1151 tur
342 1089 375 1148 in
397 1088 475 1148 mari
498 1090 528 1147 et
551 1087 704 1147 evidenter
727 1088 895 1149 ostendens.
935 1108 1006 1148 nam
1029 1089 1181 1168 frangitur
1204 1091 1290 1149 navis

268 1181 299 1239 et
317 1178 478 1255 naufragio
495 1176 600 1236 interit
618 1178 833 1253 tempestatum
851 1178 946 1237 eiecta
964 1178 1148 1254 turbinibus,
1172 1178 1291 1255 quibus,

266 1271 304 1329 ut
326 1268 441 1327 furenti
463 1266 590 1344 populo,
613 1267 714 1326 resisti
736 1285 798 1325 non
820 1268 933 1343 potest,
957 1269 988 1326 et
1010 1268 1131 1345 navigia
1151 1271 1290 1345 pereunt:

267 1358 311 1418 sic
334 1358 413 1433 ipse,
436 1355 510 1432 quia
527 1357 649 1415 tantum
666 1356 814 1433 impetum
831 1356 937 1432 populi
954 1357 1132 1416 insanientis
1150 1375 1291 1417 revocare

223 1462 248 1504 ro
266 1465 329 1506 non
351 1444 465 1521 potuit,
488 1445 672 1523 frangimur,
701 1446 757 1519 ait,
786 1463 840 1504 1111
863 1446 943 1504 malo
967 1445 1101 1505 valemus
1129 1465 1290 1506 occurrere.

265 1534 395 1595 ferimur
416 1535 562 1612 procella,
586 1533 658 1611 quia
682 1553 770 1610 quem
793 1535 925 1610 procella
943 1537 1032 1613 urget
1050 1554 1085 1594 ac
1105 1538 1208 1612 portat
1230 1556 1291 1595 non

268 1623 418 1701 quomodo
441 1624 510 1683 vult
533 1626 586 1684 aut
609 1642 669 1699 quo
693 1624 824 1682 voluerit
845 1623 949 1682 fertur.
990 1624 1049 1682 heu
1068 1623 1153 1698 fatis,
1176 1624 1292 1684 scilicet

269 1712 416 1787 adversis,
445 1714 517 1790 quia
544 1712 621 1771 dixit
647 1712 705 1771 heu
733 1714 763 1771 et
787 1730 878 1788 supra
901 1710 977 1771 dixit
1004 1712 1109 1788 „ilicet
1132 1712 1292 1772 infandum

270 1800 372 1861 cuncti
395 1805 500 1862 contra
528 1802 629 1861 omina
656 1800 782 1876 bellum,
813 1802 917 1860 contra
944 1801 1009 1861 fata
1037 1802 1125 1860 deum
1151 1821 1290 1878 perverso

223 1905 250 1947 is
270 1889 391 1949 numine
422 1888 580 1968 poscunt“.
627 1890 686 1963 ipsi
716 1891 771 1949 bas
808 1891 948 1965 sacrilego
975 1892 1110 1965 pendetis
1145 1892 1352 1965 sanguinantis

264 1996 391 2053 poenas,
415 1997 432 2039 c
454 1980 569 2039 miseri:
596 1978 671 2038 bene
693 1978 819 2039 miseros
843 1979 931 2054 dixit,
959 1983 995 2038 ut
1017 1980 1116 2039 dolere
1139 1979 1292 2040 videretur

269 2070 410 2145 errantis3
442 2070 543 2128 nullus
577 2070 656 2128 enim
688 2069 784 2129 sciens
817 2087 852 2128 ao
886 2087 976 2128 sanae
1007 2070 1116 2130 mentis
1146 2068 1228 2129 cadit
1258 2068 1291 2128 in

268 2158 389 2220 foveam
411 2158 569 2234 scelerum,
592 2157 694 2218 nullus
717 2161 823 2235 peccat
844 2156 877 2217 in
900 2157 970 2218 deos
993 2157 1053 2219 nisi
1079 2157 1105 2218 is
1130 2178 1218 2236 quem
1242 2159 1290 2219 de-

267 2247 384 2308 mentia
407 2252 476 2308 ante
499 2248 674 2324 possederit.
710 2267 729 2307 a
747 2248 881 2326 generali
898 2247 1101 2324 increpatione
1120 2249 1159 2309 ad
1178 2250 1290 2325 specia-

223 2353 248 2393 1ο
268 2338 331 2396 lem
348 2339 473 2396 transit:
497 2337 660 2408 11,Τ11111,
682 2338 781 2410 aesca,
802 2342 827 2396 11
846 2338 934 2406 triste,
953 2339 1082 2396 monebit
1099 2339 1291 2412 suppliciam:

268 2429 334 2504 ipse
349 2426 428 2485 enim
449 2425 509 2485 luit
527 2426 663 2486 omnibus
683 2444 773 2486 causa
794 2426 947 2503 peccandi.
974 2428 1103 2499 11111111
1122 2428 1291 2487 111111111-

268 2517 374 2576 rcbcrc
396 2516 484 2575 seris:
506 2515 563 2574 hoc
586 2534 692 2592 genere
715 2515 862 2576 suadebat
884 2515 1050 2575 omittenda
1068 2534 1131 2575 esse
1150 2515 1226 2576 talia
1245 2516 1291 2575 in·

269 2609 372 2681 cepta3
403 2623 474 2663 nam
502 2603 555 2680 qui
585 2606 645 2664 cito
673 2603 710 2663 ab
739 2607 838 2663 errato
866 2603 993 2664 discedit
1021 2608 1051 2663 et
1078 2606 1157 2664 male
1185 2609 1292 2681 coepta

268 2696 388 2753 mature
407 2693 586 2753 condemnat
603 2694 704 2769 potest
721 2694 830 2753 mereri
852 2695 984 2768 veniam,
1007 2711 1073 2752 sera
1091 2713 1161 2754 vero
1183 2695 1290 2753 erroris

223 2797 249 2839 es
270 2782 387 2862 agnitio
410 2782 545 2860 ignoturi
567 2783 701 2842 favorem
724 2801 784 2841 non
803 2784 903 2860 potest
921 2801 1091 2859 provocare.
1130 2801 1201 2841 com
1219 2783 1292 2841 milii

264 2876 360 2947 parto
383 2873 462 2946 paics
486 2873 691 2946 erectaerecta
714 2872 814 2930 limine
831 2875 951 2945 portus:
978 2872 1013 2929 ut
1036 2872 1217 2947 apericulis
1241 2891 1292 2947 pe·

269 2960 335 3039 lagi
352 2961 414 3020 tuti
432 2962 502 3020 sunt
520 2962 574 3037 qui
592 2960 705 3020 fuerint
723 2962 755 3019 in
773 2964 873 3037 portu,
896 2960 939 3019 sic
957 2961 1021 3035 ipse
1039 2963 1141 3019 tutum
1159 2979 1190 3020 se
1209 2960 1291 3019 futu·

268 3069 340 3109 rum
363 3049 436 3109 dicit
459 3049 513 3126 qui
532 3049 636 3110 domus
661 3069 732 3110 suae
754 3051 859 3127 saepto
882 3067 991 3108 usurus
1014 3051 1092 3108 esset
1114 3068 1169 3125 pro
1192 3052 1292 3126 portu.

270 3138 364 3198 etiam
386 3157 466 3198 nuno
490 3141 692 3215 perseverarit
713 3139 745 3197 in
764 3158 798 3198 eo
818 3157 925 3217 genere
943 3138 1149 3197 translationis
1168 3137 1291 3198 dicendo

224 3241 251 3282 ao
269 3229 378 3304 portus
401 3227 476 3286 mihi
498 3229 556 3288 erit
575 3228 666 3287 limen
686 3228 791 3287 domus
814 3247 911 3303 meae,
936 3227 1017 3304 quod
1036 3245 1208 3305 egressurus
1232 3247 1292 3287 non

345 3367 361 3416 1
381 3368 406 3417 et
423 3363 488 3432 alga
507 3367 532 3416 et
549 3363 637 3417 molae
654 3363 725 3416 tetus
739 3360 765 3413 V
781 3362 852 3415 ictus
868 3377 922 3414 om.
938 3361 981 3415 ed.
1001 3367 1026 3416 et
1044 3363 1136 3431 clpam
1154 3368 1180 3417 et
1197 3362 1292 3417 molem

271 3433 317 3489 ed.
335 3435 408 3502 post.
433 3440 458 3488 11
475 3434 569 3503 alpem
586 3441 612 3489 et
629 3434 724 3488 molem
742 3438 767 3486 et
785 3433 856 3486 ictas
874 3449 932 3485 nos.
1002 3437 1017 3485 3
1040 3434 1249 3488 mancationem
1267 3432 1293 3485 V

268 3522 321 3574 per
347 3511 381 3559 tr.
411 3521 474 3558 oum
502 3504 575 3557 falsa
604 3503 785 3558 distinetione
813 3502 856 3556 ed.
935 3508 966 3556 11
995 3520 1074 3572 quem
1094 3502 1120 3556 V
1146 3505 1172 3559 is
1197 3521 1221 3572 q.
1248 3503 1292 3558 ed.

273 3581 306 3630 13
326 3576 379 3630 bec
397 3592 451 3630 om.
466 3575 511 3633 ed.
533 3576 536 3647 l
557 3582 582 3631 et
600 3592 686 3644 supra
704 3575 777 3629 dicit
795 3573 990 3629 om.HOUed.
1043 3579 1075 3627 16
1090 3575 1269 3630 doloreVed.

271 3648 430 3703 uiderentur
446 3664 538 3703 errore
557 3647 601 3702 cd.
666 3651 699 3699 19
714 3645 874 3715 possederat
892 3646 935 3699 ed.
1003 3651 1035 3698 11
1056 3647 1129 3700 enim
1147 3662 1201 3700 om.
1221 3645 1264 3701 ed.

271 3719 442 3774 cremaberis
460 3719 514 3774 eric
533 3717 566 3772 V.
631 3724 664 3771 11
683 3719 732 3771 hcc
749 3733 845 3786 911111
863 3707 890 3769 V
906 3718 972 3772 11111
994 3718 1086 3771 Turno
1106 3716 1149 3771 ed.
1171 3717 1252 3788 lesse
1269 3725 1297 3770 ct

272 3790 334 3844 alic
351 3788 377 3843 V
395 3805 464 3844 corr.
485 3789 528 3844 ed.
601 3795 634 3844 15
653 3789 773 3859 19111111·
786 3786 812 3840 V
831 3789 955 3859 apcitort
974 3788 1021 3844 od.
1038 3789 1171 3860 ipaotout
1186 3803 1246 3840 nos
1262 3785 1320 3851 uzi.

273 3866 299 3928 o,
315 3864 367 3916 610
385 3863 538 3931 servaturi).
612 3865 646 3916 30
659 3867 776 3934 poetam
794 3859 821 3918 V
842 3879 918 3919 corr.
936 3862 986 3920 ed.
