3142 4375
556 507 561 517 ,
660 453 845 517 nummos
859 454 911 510 VII
1251 456 1295 523 65

277 626 360 699 sunt,
382 624 495 701 inquit,
517 623 574 682 hoc
600 625 647 682 est
674 623 728 699 qni
749 642 804 700 per
824 624 967 683 inertiam
989 623 1072 683 sedes
1096 642 1166 684 suas
1190 626 1221 683 et
1242 642 1295 699 pa·

275 714 365 773 triam
392 712 600 789 perdiderunt,
623 712 813 772 delectantur
839 714 1021 772 amoenitate
1045 712 1192 789 fluminis,
1215 713 1296 788 quod

274 822 336 862 non
357 802 503 877 facerent,
525 801 702 867 nisiessent
719 801 812 862 soluti
829 804 860 861 et
877 802 996 862 inertes.
1032 802 1188 879 pictasque
1207 821 1295 861 omre

275 893 406 952 carinas:
428 893 552 951 notatur
575 889 658 967 quod
679 891 799 966 pictura
818 892 942 951 navium
959 891 1127 951 luxuriosos
1146 909 1209 950 sese
1227 909 1295 950 con·

240 981 438 1057 iprobarent
466 983 497 1039 et
527 979 566 1039 ad
592 979 733 1039 bellicum
760 982 911 1039 certamen
937 980 1081 1040 infimos.
1125 981 1179 1041 has
1200 979 1296 1057 igitur

275 1069 398 1130 iubebat
428 1067 560 1144 incendi,
591 1071 628 1128 ut
658 1069 770 1146 pressis
801 1069 940 1147 fugiendi
971 1069 1018 1129 vel
1050 1068 1196 1129 evadendi
1226 1069 1294 1128 sub-

276 1159 386 1218 sidium
408 1161 579 1237 negaretur.
616 1158 770 1217 coelestwrn
789 1160 836 1217 otc
856 1176 965 1233 mopno
984 1159 1076 1217 iubet:
1098 1158 1186 1217 debet
1203 1158 1294 1218 auda·
1321 1203 1323 1206 -

275 1250 340 1307 cius
362 1248 429 1307 fieri
451 1246 533 1323 quod
555 1265 685 1324 superna
707 1248 862 1325 praecepit
884 1247 1056 1306 auctoritas.
1107 1247 1189 1323 quod
1216 1247 1296 1306 euim

275 1337 400 1396 deorum
429 1336 566 1414 reginam
595 1334 671 1397 dixit
699 1338 900 1413 praecepisse,
924 1336 963 1395 ad
986 1336 1082 1395 omnis
1105 1336 1175 1396 deos
1196 1338 1297 1396 voluit

224 1446 255 1487 ro
274 1427 439 1503 pertinere,
462 1425 516 1500 qui
533 1424 684 1488 uoluntati
703 1425 829 1503 potioris
848 1444 908 1485 non
926 1427 1067 1501 poterant
1085 1425 1294 1485 contradicere.

274 1533 330 1574 nec
360 1512 493 1588 dubites,
520 1513 633 1591 inquit,
663 1520 785 1592 accepta
815 1514 968 1591 perficere,
998 1533 1066 1573 cum
1093 1515 1206 1591 coeptis
1234 1516 1294 1575 tuis

276 1603 438 1662 adfuturus
460 1603 502 1663 ait
522 1604 799 1681 potentissimorum
821 1603 977 1663 numinum
999 1605 1095 1665 favor.
1140 1607 1240 1681 potest
1264 1608 1296 1664 et

277 1690 335 1766 sic,
357 1693 393 1751 ut
414 1690 558 1752 Iunonem
581 1691 689 1753 dixsit
711 1694 774 1754 vim
796 1712 952 1771 magnam,
976 1693 1034 1752 hoo
1056 1695 1103 1752 est
1125 1713 1202 1769 quac
1225 1694 1294 1770 plus

276 1783 379 1858 posset
407 1799 497 1857 quam
527 1780 570 1842 dii
598 1784 698 1842 ceteri.
742 1799 795 1841 rec
822 1784 885 1856 ipse
907 1782 1051 1851 Latinus,
1079 1783 1113 1840 ui
1134 1783 1207 1841 dore
1229 1800 1295 1839 coc-

225 1889 256 1931 1⁶
275 1871 388 1944 tamum
416 1874 442 1929 et
468 1871 542 1931 dicto
566 1888 673 1944 parere
699 1873 818 1945 facetior,
842 1873 948 1949 sentiat
970 1871 1136 1930 octoadem
1159 1871 1296 1929 Turnum

275 1960 496 2033 cruciatoria
518 1962 625 2020 armis:
655 1961 737 2037 quod
760 1962 805 2021 ait
826 1980 879 2019 rex
899 1962 977 2038 ipsc,
1001 1962 1044 2019 sic
1061 1960 1295 2038 intellegendum

274 2051 332 2108 est:
362 2048 427 2125 ipse
457 2050 510 2126 qui
537 2052 569 2109 te
598 2049 721 2124 fefellit,
750 2050 814 2126 ipse
843 2049 893 2109 cui
919 2050 1078 2109 obsecutus
1109 2068 1140 2109 es
1169 2068 1294 2126 semper,

272 2139 338 2215 ipse
370 2139 455 2199 ouius
487 2139 646 2215 imperium
677 2141 733 2198 tua
765 2139 935 2199 defensione
968 2140 1107 2213 servasti,
1139 2140 1203 2216 ipse
1240 2142 1294 2215 qui

272 2227 393 2288 mobilis
416 2247 563 2288 essenon
586 2228 702 2302 debuit,
724 2228 789 2305 ipse
812 2247 903 2305 penes
926 2243 1016 2304 quem
1036 2247 1185 2287 summum
1204 2247 1295 2305 super

225 2336 254 2376 ao
272 2317 354 2376 filiae
372 2316 580 2377 coniunctione
598 2317 743 2377 iudicium
760 2320 807 2381 est
825 2319 936 2393 quique
954 2317 1083 2377 iniuriae
1101 2320 1171 2377 tuae
1191 2322 1294 2377 auctor

274 2423 338 2464 esse
368 2424 428 2465 non
458 2404 572 2466 debuit.
621 2406 680 2466 nisi
701 2405 758 2466 tibi
780 2407 937 2486 coniugem
960 2406 1088 2482 dederit,
1111 2409 1170 2466 nisi
1194 2407 1293 2467 condi·

274 2492 409 2554 cionibus
441 2494 502 2554 tuis
535 2514 566 2555 se
596 2496 749 2572 professus
780 2496 873 2555 fuerit
904 2497 1088 2573 pariturum,
1125 2496 1178 2572 qui
1211 2496 1293 2555 beni·

274 2583 438 2643 volentiam
469 2584 571 2662 generi
603 2585 849 2644 contemnendam
884 2585 1010 2645 credidit
1042 2586 1152 2645 armati
1183 2586 1294 2645 sentiat

274 2675 306 2732 et
326 2672 400 2732 irati
421 2672 571 2734 virtutem.

227 2779 254 2821 re
345 2763 407 2822 Hic
423 2763 538 2821 iuvenis
556 2767 651 2821 cotem
668 2763 802 2822 inrideas
819 2765 862 2823 sic
884 2781 954 2823 orsa
974 2764 1105 2823 uictum
1122 2780 1171 2821 ore
1191 2765 1294 2835 refert:
1302 2775 1356 2824 435

272 2851 323 2910 hio
344 2850 476 2926 iuvenis,
498 2852 554 2911 hcc
577 2854 623 2912 est
646 2853 701 2928 qui
724 2852 832 2912 aetatis
858 2856 888 2912 et
912 2853 1098 2912 fortitudinis
1123 2851 1294 2911 substantia

273 2939 401 2999 confisus
420 2943 507 3016 esset,
521 2941 657 3002 aniculae
676 2941 757 3001 dicte.
775 2961 828 3018 per
847 2941 995 3001 somnium
1014 2944 1045 2999 et
1058 2941 1149 3001 verba
1163 2941 1293 3000 feminea

273 3047 329 3105 pro
351 3027 467 3089 levibus
491 3030 599 3091 ducens
623 3031 699 3091 talia
722 3031 804 3090 dedit
825 3048 977 3108 responsa.
1019 3031 1163 3106 expressit
1181 3030 1293 3090 utrius-

274 3136 332 3193 que
362 3118 471 3177 aetatis
500 3137 627 3195 morem,
654 3140 724 3180 nam
747 3139 831 3180 senes
854 3119 937 3178 ultra
960 3139 1051 3195 quam
1074 3122 1123 3178 sat
1145 3121 1191 3178 est
1212 3119 1292 3178 timi-

225 3223 255 3264 eo
272 3205 371 3266 diores
390 3209 462 3266 sunt
480 3209 511 3265 et
528 3207 609 3282 apud
626 3209 758 3268 iuniores
777 3210 851 3268 haec
868 3212 950 3268 aetas
965 3210 1115 3268 contemni
1128 3208 1293 3269 cousuevit.

273 3295 403 3373 denique
435 3297 466 3354 et
497 3298 588 3373 poeta
618 3297 692 3356 haec
723 3297 892 3374 praemisit:
928 3297 990 3376 hic,
1019 3298 1132 3374 inquit,
1162 3298 1292 3374 iuvenis3

345 3489 362 3538 4
377 3484 444 3552 quid
457 3483 483 3537 V
497 3483 570 3553 qaod
583 3483 627 3537 ed.
644 3483 647 3554 t
664 3501 719 3539 aesc
731 3486 930 3554 comprobarent
940 3484 966 3538 V
980 3501 1036 3539 esse
1049 3486 1235 3554 coruprobaret
1248 3485 1292 3540 ed.

274 3559 290 3608 8
309 3554 424 3622 pcaepit
437 3554 463 3609 V
477 3555 617 3624 meropis
635 3555 678 3610 ed.
703 3556 707 3627 Ι
735 3558 808 3612 cuim
827 3556 853 3611 V
869 3573 931 3610 vero
950 3556 993 3610 ed.
1054 3562 1087 3610 12
1105 3558 1249 3611 nomicum
1266 3554 1293 3609 V

273 3641 344 3684 corr.
364 3625 407 3681 ed.
429 3625 433 3698 t
453 3633 582 3695 potest-
599 3631 632 3679 13
650 3627 819 3697 mapuamV
838 3634 864 3683 et
880 3627 911 3681 id
928 3629 1002 3681 Iuno
1015 3629 1159 3696 proecepit
1176 3645 1293 3698 mayaco

270 3699 411 3766 potentiae
438 3697 586 3752 substituit
613 3697 656 3751 ed.
730 3703 763 3752 20
789 3699 1007 3754 coniunctiorem
1032 3698 1076 3754 ed.
1107 3699 1115 3770 t
1145 3700 1251 3767 quium
1266 3699 1293 3749 V

272 3769 332 3837 epac
354 3770 403 3837 qai
427 3768 470 3824 ed.
501 3771 504 3842 y
538 3786 605 3824 arcae
623 3768 649 3823 V
668 3769 712 3825 ed.
734 3777 799 3827 tuae
819 3786 880 3827 nos.
952 3775 989 3826 ‘tt
1007 3772 1068 3829 tute
1086 3768 1253 3825 (ΜΒΝ
1271 3768 1323 3821 ed.

273 3843 308 3897 27
327 3839 447 3906 feminea
464 3839 626 3909 Vsemr'aae
644 3841 688 3900 ed.
1302 3893 1304 3896 .

317 3945 375 3985 Dori.
384 3945 479 3996 mrem.
491 3947 557 4000 Verg.
574 3953 619 3995 voi,
629 3953 664 3997 11.
856 3929 863 3943 ·
1159 3956 1180 4004 ἶ)
