3142 4375
650 521 913 577 ununmosvm
1230 527 1294 591 173

276 694 462 769 superatum,
492 694 518 751 et
545 692 659 764 formae
689 691 806 750 conscia
835 691 974 761 mutuus,
1005 700 1036 751 et
1064 692 1151 751 illum
1180 690 1295 752 victum

276 798 339 841 esse
367 780 465 839 forma
494 781 596 858 potius
626 799 719 856 quam
748 778 846 839 verbis
875 782 989 856 uxoris,
1019 781 1134 841 laetata
1163 801 1223 841 non
1249 780 1295 839 in-

274 869 381 930 merito
411 872 458 929 est
486 869 570 930 dolos
601 887 670 929 suos
700 868 797 945 plenis
827 868 981 929 effectibus
1011 870 1181 947 profecisse.
1233 874 1296 929 tum

268 963 358 1033 pater
380 963 495 1019 aetem
517 960 602 1032 fatur
624 959 774 1017 devinctus
792 975 905 1017 amore:
927 962 1046 1035 patrem
1063 959 1140 1019 dixit
1158 960 1212 1037 qui
1229 960 1295 1019 loco

242 1047 370 1126 spatiis
393 1046 512 1107 Aeneae
543 1048 643 1107 fuerat
671 1048 862 1125 profuturus,
891 1049 962 1108 licet
988 1049 1075 1108 illum
1102 1049 1204 1108 Venus
1234 1050 1295 1109 ulia

271 1137 390 1197 ratione
412 1137 565 1197 vinxisset.
603 1137 674 1209 quid
696 1154 804 1197 causas
822 1138 901 1210 petis
924 1155 958 1196 eu
981 1138 1059 1198 alto?
1081 1139 1194 1211 fiducia
1212 1139 1357 1201 cessitate

273 1244 329 1300 quo
352 1226 418 1295 tibi,
442 1227 525 1296 dica,
549 1227 626 1284 mei?
671 1244 748 1303 quae
771 1226 989 1302 circumitione,
1014 1227 1070 1303 ait,
1098 1228 1145 1287 uti
1171 1228 1296 1288 voluisti

272 1314 432 1375 verborum
456 1314 608 1375 dubitasse
636 1318 666 1374 te
695 1314 731 1373 de
758 1314 862 1374 mariti
889 1317 1044 1375 voluntate
1071 1316 1207 1376 firmasti.
1253 1318 1295 1376 sic

272 1422 397 1465 exorsus
411 1407 465 1480 est,
480 1405 569 1481 quasi
582 1424 642 1465 non
655 1404 720 1480 ipse
734 1406 813 1464 esset
827 1404 880 1481 qui
893 1406 984 1481 paulo
1000 1407 1070 1464 ante
1085 1406 1295 1465 cunctabatur:

225 1514 254 1555 ro
271 1496 318 1554 ita
342 1512 374 1554 se
396 1493 516 1554 facilem
538 1494 662 1571 praebet
680 1496 711 1553 et
728 1496 886 1569 tamquam
902 1494 1027 1553 Veneris
1046 1513 1106 1553 non
1124 1495 1295 1554 intellectus

271 1583 395 1661 ingenio
418 1581 531 1641 bonum
554 1601 585 1642 se
607 1583 681 1642 satis
705 1585 736 1642 et
758 1582 931 1642 benivolum
953 1585 1089 1658 praestat
1111 1602 1201 1659 quem
1223 1584 1297 1642 fecit

273 1671 368 1732 libido
383 1670 561 1732 subiectum!
595 1673 622 1731 si
640 1671 856 1747 considerares,
874 1673 989 1748 inquit,
1008 1691 1070 1733 esse
1088 1674 1119 1731 te
1139 1672 1296 1749 coniugem

273 1779 372 1820 meam
399 1764 430 1821 et
457 1760 530 1838 quid
556 1779 631 1820 uxor
658 1761 694 1820 de
721 1763 832 1820 marito
854 1764 1004 1820 mereatur
1026 1761 1208 1836 adverteres,
1235 1780 1296 1820 non

273 1851 397 1909 duceres
420 1870 455 1909 ex
474 1851 537 1909 alto
555 1849 704 1926 principia
722 1869 776 1910 nec
795 1849 971 1927 petitionem
988 1853 1073 1909 tuam
1091 1849 1295 1910 circumitione

228 1958 255 2001 ro
273 1940 416 1999 munires.
449 1938 612 1999 diffidentis
635 1940 691 1999 hoc
715 1940 835 2016 signum
854 1942 912 2015 est3
935 1959 1100 2015 numquam
1118 1941 1198 1999 enim
1216 1940 1296 1998 inter

275 2029 449 2088 coniunctas
479 2028 624 2107 religione
653 2046 795 2104 personas
825 2028 1002 2105 petitionem
1034 2030 1168 2088 futuram
1199 2047 1295 2089 sermo

275 2116 430 2177 laboratus
454 2118 614 2191 antevenit,
636 2118 696 2177 nisi
714 2135 781 2176 cum
800 2118 967 2177 honestatis
985 2118 1064 2178 ratio
1082 2138 1143 2178 non
1162 2118 1296 2197 suppetit

276 2210 331 2267 aut
360 2206 537 2267 destituitur
565 2208 681 2266 meritis
710 2225 839 2284 persona
868 2208 1027 2284 poscentis.
1079 2209 1169 2269 velim
1200 2209 1296 2286 igitur

274 2297 364 2356 istius
396 2296 580 2356 diffidentiae
612 2315 698 2356 nosse
730 2296 878 2356 rationem
910 2297 993 2357 cuius
1025 2298 1173 2359 erroribus
1205 2297 1295 2357 ducta

230 2404 257 2445 so
275 2385 434 2446 verborum
462 2386 617 2462 superfluis
646 2386 831 2446 anfractibus
858 2386 1010 2463 inpetrare
1033 2388 1186 2447 contendis
1214 2386 1296 2463 quod

275 2474 416 2535 submota
444 2493 546 2550 posses
575 2475 759 2552 loquacitate
787 2494 983 2552 praesumere.
1035 2477 1141 2535 similis
1168 2478 1195 2535 si
1223 2494 1295 2536 cura

274 2565 388 2638 ferisset,
412 2567 480 2622 tuoe
503 2581 614 2636 quoquc
635 2566 685 2638 fos
708 2565 792 2623 uobis
816 2566 943 2624 Teucros
965 2583 1084 2624 armare
1105 2567 1224 2639 fuisset:
1250 2585 1294 2624 re-

275 2651 485 2730 prehendendo
509 2653 670 2729 superioris
694 2656 724 2712 et
747 2654 912 2729 praesentis
935 2653 1078 2730 temporis
1098 2654 1295 2714 diffidentiam

275 2741 438 2818 proclivem
468 2760 498 2800 se
528 2744 677 2802 monstrat
706 2743 857 2818 effectnm3
887 2744 931 2801 ait
960 2745 1071 2820 quippe
1102 2746 1133 2802 et
1161 2746 1246 2816 tunc,
1269 2744 1296 2800 si

229 2849 256 2890 ss
276 2832 476 2910 suggessisses
500 2831 617 2906 aliquid
640 2831 702 2890 tuis
726 2831 817 2890 fuisse
837 2831 1049 2907 necessarium,
1067 2832 1122 2890 hos
1140 2848 1295 2907 possemus

276 2923 468 2996 conpetenter
504 2938 633 2995 armare3
669 2939 729 2978 non
766 2920 845 2978 enim
881 2920 1017 2978 futurum
1053 2921 1167 2979 exitum
1197 2939 1297 2979 rerum

276 3009 384 3087 aliquis
408 3010 528 3085 poterat
550 3026 645 3068 nosse.
691 3007 815 3067 dicendo
846 3012 876 3067 et
905 3012 977 3068 tunc
1007 3009 1138 3069 ostendit
1166 3027 1196 3068 se
1219 3009 1296 3068 nihil

274 3098 308 3157 in
330 3099 481 3176 praesenti
503 3100 692 3175 negaturum
724 3115 777 3156 ccc
795 3102 883 3172 pater
905 3099 1085 3172 omnipotens
1105 3099 1227 3157 Troiam
1244 3116 1296 3157 nce

274 3189 342 3262 fcto
364 3189 511 3262 crepabunt
532 3190 610 3245 stare
634 3187 783 3259 decemque
807 3187 881 3245 alios
903 3187 1058 3245 Priamum
1076 3204 1226 3261 superesse
1241 3205 1296 3260 per

228 3293 257 3334 so
275 3293 385 3337 unicos:
414 3277 462 3335 hic
491 3278 604 3335 tractat
632 3278 722 3351 poeta
744 3276 875 3334 fatorum
898 3276 960 3335 vim
983 3276 1103 3352 quidem
1126 3297 1186 3337 non
1209 3295 1295 3354 posse

275 3364 422 3441 subverti,
454 3383 541 3441 posse
573 3367 675 3424 tamen
706 3365 854 3424 inminens
891 3366 1004 3424 malum
1040 3365 1144 3443 aliqua
1179 3366 1294 3425 ratione

349 3558 364 3607 ⁷
390 3570 459 3622 quoe
479 3551 505 3605 V
533 3553 568 3606 cf.
588 3557 639 3606 299
669 3570 723 3622 qua
748 3553 792 3606 ed.
865 3558 882 3607 8
905 3555 1023 3621 firmare
1039 3552 1066 3605 V
1088 3553 1229 3608 ostendisti
1251 3553 1294 3607 ed.

277 3630 310 3679 11
330 3641 407 3694 quem
421 3624 447 3678 V
465 3631 599 3693 quautam
616 3625 696 3678 illam
715 3623 758 3677 ed.
814 3631 847 3678 12
866 3626 1090 3680 consideraris-
1101 3631 1134 3678 13
1148 3625 1296 3680 odvevtms

275 3696 302 3749 V
317 3711 386 3750 corr.
401 3696 444 3750 ed.
505 3700 537 3749 19
556 3695 677 3750 istiusV
695 3696 754 3749 eius
772 3695 815 3751 ed.
871 3703 903 3750 21
924 3699 1113 3766 loquacitates
1127 3696 1152 3750 V
1167 3713 1236 3750 corr.
1251 3696 1295 3750 ed.

276 3773 311 3821 22
329 3767 514 3836 repraehendo
527 3766 554 3819 V
567 3783 614 3820 -e-
628 3766 671 3821 ed.
686 3767 905 3835 reprehendendo
923 3785 983 3823 nos.
1036 3774 1077 3822 ‘lt
1090 3767 1152 3822 seV
1172 3768 1207 3820 de
1221 3766 1315 3818 seed.

276 3843 311 3892 25
328 3854 467 3907 possemus
480 3836 505 3890 V
519 3839 671 3907 potuissem
690 3838 732 3893 ed.
809 3844 843 3894 29
867 3839 1049 3913 oepobuatV
1071 3839 1213 3896 aduocat
1229 3833 1283 3887 ed.
1299 3832 1336 3882 aa

276 3908 353 3976 Verg.
372 3907 452 3961 libri:
469 3909 670 3979 interpretatio
690 3913 850 3985 utrumque
869 3915 999 3986 patitur.
