3142 4375
634 484 818 539 Annuloos
837 484 888 539 xu
1206 488 1269 553 631

250 653 411 729 pinnarum
438 654 604 713 subsidium
634 652 810 714 habuisset?
846 672 882 712 ex
909 653 1026 713 duabus
1055 653 1150 732 igitur
1178 672 1271 712 unam

251 742 377 801 celerem
406 741 528 803 demisit
557 762 575 802 a
604 760 721 801 summo
751 742 870 802 aethere
896 741 1048 820 Iuppiter3
1076 746 1163 803 tanta
1191 743 1270 801 enim

250 830 409 907 utriusque
440 835 550 891 natura
581 833 702 909 temque
735 830 920 891 detestabilis
951 832 1024 908 fuit,
1056 834 1091 891 ut
1121 832 1270 910 inplendis

249 920 387 980 tristibus
407 920 498 980 etiam
516 940 578 979 une
596 921 753 981 sufficeret.
785 921 911 981 celerem
930 920 1019 996 dixit,
1038 940 1098 980 non
1117 940 1176 997 quo
1195 921 1270 981 alias

215 1008 324 1068 sisset
345 1011 445 1088 segnis
469 1012 500 1069 et
526 1010 629 1085 tarda,
658 1009 710 1070 sed
736 1011 771 1068 ut
795 1009 875 1086 quod
904 1012 971 1069 erat
998 1010 1119 1069 factura
1148 1009 1271 1070 celerius

249 1099 362 1158 faceret
391 1100 421 1158 et
449 1097 585 1175 inpleret.
617 1101 704 1174 tuque
726 1116 810 1159 omeu
831 1099 978 1158 Iuturnae
1000 1116 1150 1159 occurrere
1172 1100 1272 1159 iussit:

250 1206 346 1263 omen,
365 1188 515 1248 fraternae
530 1188 645 1248 scilicet
658 1188 771 1248 mortis.
798 1188 852 1247 illc
865 1189 945 1247 uolut
957 1188 1095 1262 celerique
1110 1190 1150 1247 cd
1164 1193 1271 1248 terrum
1281 1199 1333 1248 855

249 1278 364 1336 turbine
385 1279 494 1351 fertur:
525 1278 610 1337 volat
632 1281 663 1337 et
685 1278 773 1338 celeri
796 1278 892 1336 fertur
909 1278 1042 1352 turbine,
1065 1280 1172 1353 utpote
1195 1298 1271 1353 quae

249 1365 415 1426 ducebatur
437 1366 552 1427 inmani
575 1370 685 1426 natura
704 1369 734 1425 et
751 1366 893 1426 iussionis
911 1368 1041 1442 inpulsu.
1071 1366 1273 1443 interponitur

197 1474 229 1513 ro
247 1455 408 1531 parabola,
432 1474 492 1534 qua
515 1455 659 1516 orationis
683 1457 871 1517 continuatio
893 1458 1095 1533 rumperetur,
1124 1459 1157 1515 ut
1178 1455 1271 1515 inter·

248 1543 338 1604 iectio
357 1544 456 1605 media
474 1544 609 1604 taedium
627 1546 752 1623 legentis
776 1544 927 1605 excludat:
951 1562 1111 1605 conserus
1130 1562 1165 1603 uc
1182 1562 1271 1603 uerco

242 1650 301 1707 per
323 1635 429 1693 uubem
450 1635 572 1709 inpulsu
599 1637 721 1709 eupillo,
752 1638 901 1694 armatum
927 1636 1009 1694 sueri
1030 1634 1160 1692 Pcrtlus
1182 1651 1272 1707 quum

246 1722 316 1795 felle
332 1725 449 1793 emme,
470 1724 599 1783 Parthus
617 1726 678 1783 sire
698 1722 811 1799 Oydm,
836 1723 924 1782 telum
941 1724 1156 1793 inmedicabile,
1180 1723 1270 1792 torsit,

246 1811 375 1870 stridere
393 1816 420 1870 el
433 1812 533 1871 celeris
550 1814 698 1887 lucopello
717 1813 847 1872 lruueilil
863 1814 1002 1883 umbros:
1021 1812 1271 1889 quemadmodum

197 1901 327 1961 recolet
349 1901 461 1979 sagitta
484 1904 685 1962 transcurrere
709 1902 802 1962 missa
822 1901 928 1961 Parthi
950 1903 998 1962 vel
1017 1901 1148 1977 Cydonis
1169 1920 1271 1976 manu,

247 1992 367 2049 armata
389 2009 502 2050 veneno
525 2010 560 2050 ec
583 1992 676 2067 ferro,
706 1992 791 2051 euius
813 1990 891 2051 ictus
914 1993 960 2051 est
982 1989 1211 2066 medicabilis,
1242 1994 1272 2049 et

246 2078 326 2138 nulli
340 2078 406 2139 visa
424 2080 546 2140 celerius
566 2082 713 2156 pervenit:
736 2081 850 2140 tulisse
868 2085 934 2140 salu
953 2086 1033 2139 nocte
1051 2081 1127 2150 tulit,
1150 2080 1208 2139 hoc
1226 2082 1334 2139 estete

246 2169 391 2249 generata
404 2189 458 2246 per
475 2170 621 2245 tenebras,
636 2174 785 2243 terraeque
799 2171 910 2243 petiuit.
934 2173 1091 2244 postquam
1104 2170 1182 2229 ucles
1195 2169 1272 2229 uldel

245 2259 362 2318 Iliacus
376 2263 461 2334 alque
475 2262 595 2335 upmiuu
610 2261 718 2329 Turul,
738 2260 819 2319 clitis
833 2261 866 2319 iu
875 2277 991 2333 porcae
1004 2261 1132 2319 subitum
1146 2260 1273 2318 coniecta

198 2365 228 2406 ro
245 2349 389 2423 fipuram,
417 2366 492 2422 quae
519 2349 666 2424 quondum
692 2349 725 2407 iu
753 2350 846 2408 bustis
873 2353 927 2408 aul
953 2350 1129 2409 culminibus
1152 2349 1272 2408 desertis

244 2440 327 2496 morte
349 2438 453 2497 sederis
475 2454 574 2497 serum
596 2439 676 2497 currit
696 2439 858 2512 lnporlrmu
876 2456 934 2511 per
955 2440 1091 2498 umbros:
1115 2438 1168 2497 ubi
1190 2436 1272 2498 venit

246 2526 286 2586 ad
309 2526 409 2585 locum
431 2526 464 2584 in
487 2545 546 2603 quo
569 2527 729 2605 gerebatur
750 2527 832 2586 inter
849 2527 972 2588 Aenean
993 2529 1187 2603 Turnumque
1211 2544 1270 2584 cer·

245 2619 348 2676 tumen
371 2617 402 2674 et
419 2619 545 2692 uterque
564 2616 710 2676 exercitus
729 2615 847 2691 aderat,
869 2619 991 2694 repente
1009 2616 1041 2676 in
1060 2616 1140 2675 alitis
1158 2634 1270 2691 parvae

246 2704 376 2765 formam
398 2723 462 2765 sese
486 2706 646 2780 convertit,
677 2707 724 2764 cui
754 2724 819 2765 mos
848 2708 895 2765 est
921 2709 975 2764 aut
996 2707 1027 2763 in
1050 2705 1145 2765 bustis
1169 2703 1270 2764 sedere

199 2808 228 2848 m
247 2796 432 2869 pernoctem
445 2796 499 2852 aut
517 2795 549 2852 in
563 2795 687 2854 desertis
701 2794 883 2854 culminibus
897 2795 1030 2854 feraliter
1043 2812 1157 2853 canere.
1179 2795 1269 2853 huius

247 2879 356 2942 ominis
371 2884 467 2942 solent
481 2901 544 2943 esse
558 2882 637 2942 bubo
653 2885 702 2942 vel
720 2886 841 2958 noctua,
860 2903 938 2960 quoe
957 2903 1018 2944 non
1036 2884 1094 2942 nisi
1112 2884 1270 2942 funereum

246 2971 478 3047 luctuosumque
506 2973 686 3050 significant.
728 2974 806 3033 leuc
827 2990 915 3032 uersu
936 2974 969 3030 iu
991 2974 1098 3046 faciem
1121 2972 1217 3031 Turni
1239 2978 1332 3032 seete

243 3059 337 3134 pestis
359 3061 393 3118 ob
416 3078 471 3120 orc
487 3063 599 3135 fertque
620 3064 765 3136 refertque
787 3078 898 3120 sorum
921 3062 1099 3137 clipeumque
1124 3063 1271 3121 everberat

247 3149 320 3207 olis:
343 3149 374 3206 in
393 3147 482 3208 huius
502 3150 583 3210 clitis
601 3150 730 3228 figuram
747 3151 841 3226 pestis
860 3150 915 3209 ille
934 3168 1076 3210 conversa
1096 3170 1155 3209 non
1174 3169 1269 3210 cessa·

199 3253 227 3293 so
245 3237 301 3296 bat
324 3239 394 3297 ante
418 3238 526 3298 faciem
549 3240 643 3298 Turni
666 3240 795 3298 transire
824 3242 855 3297 et
878 3240 941 3297 eius
965 3239 1094 3314 clipeum
1117 3241 1174 3299 alis
1197 3243 1269 3299 stre-

320 3377 336 3425 2
357 3373 464 3427 dimisit
480 3371 514 3426 V.
587 3380 604 3426 4
622 3389 679 3427 riou
697 3390 750 3442 quo
769 3375 828 3427 aliu
846 3375 872 3428 ei
889 3374 937 3428 secl
954 3375 1044 3444 eequis
1062 3381 1087 3427 et
1105 3373 1188 3427 tarda
1205 3380 1271 3427 euru

246 3448 304 3514 quii
326 3450 386 3499 erut
405 3443 431 3497 V
453 3459 510 3498 uou
534 3445 607 3513 quod
632 3445 675 3498 ed.
701 3445 775 3499 uliae
798 3452 885 3499 esseut
906 3462 1000 3514 sepum
1022 3445 1075 3498 cdl
1100 3446 1162 3498 ulae
1183 3450 1271 3498 esseut

245 3533 274 3571 ee
325 3515 424 3570 cedi*
450 3521 475 3570 et
497 3516 581 3570 lurda
604 3533 657 3570 om.
680 3514 723 3571 ed.
747 3517 796 3570 sed
812 3523 845 3570 ut
862 3517 934 3584 quod
953 3516 995 3570 ed.
1078 3521 1111 3568 10
1132 3515 1270 3583 parabola

245 3531 423 3656 (pigrumque
437 3587 529 3654 bula)
544 3586 577 3641 V.
599 3587 602 3659 1
622 3588 743 3642 rutiouis
758 3586 781 3641 V
803 3587 856 3642 edI
866 3603 935 3642 corr.
951 3587 1021 3641 edF.
1074 3592 1107 3640 16
1122 3593 1232 3641 urrrrutu
1244 3585 1270 3639 V

244 3661 335 3714 linctu
348 3658 392 3713 ed.
409 3658 413 3730 Ι
432 3659 507 3725 ferro
521 3657 547 3711 V
564 3658 585 3724 f.
600 3660 709 3714 munito
728 3658 772 3713 ed.
829 3665 862 3712 17
881 3661 924 3713 cis
941 3676 974 3713 ae
987 3658 1014 3712 V
1026 3659 1088 3712 risu
1102 3674 1135 3711 uc
1149 3658 1192 3712 ed.
1209 3658 1270 3712 oica

245 3745 305 3784 nos.
328 3728 332 3800 Ι
351 3736 429 3785 nocte
447 3746 503 3784 non
517 3730 560 3785 N·
573 3731 690 3798 propter
702 3730 819 3798 interpr.
872 3735 905 3782 19
924 3731 1046 3784 coniecta
1059 3729 1086 3783 V
1099 3729 1210 3783 collecta
1225 3728 1269 3782 ed.

245 3806 280 3854 22
300 3805 326 3855 et
347 3801 472 3856 Iumum
490 3801 533 3856 ed.
589 3806 623 3854 24
641 3801 733 3867 forma
746 3801 773 3855 V
787 3818 855 3856 corr.
871 3800 915 3855 ed.
970 3807 1004 3855 26
1023 3802 1112 3855 ommis
1125 3800 1151 3853 V
1169 3800 1271 3855 eminio

245 3870 290 3927 ed.
309 3869 316 3944 J
335 3872 402 3926 solet
419 3871 460 3926 ed.
517 3878 552 3927 27
569 3874 669 3944 reperii
687 3873 839 3946 soporuV.
890 3877 928 3928 ‘sb
947 3870 1166 3942 strepeut‘ubueV
1191 3871 1225 3918 ru
1240 3867 1293 3916 ee.
