3142 4375
563 543 568 561 ‘
656 526 840 582 AENEIDOS
854 526 912 629 VII·
1226 529 1288 594 111

269 692 406 769 missum,
423 693 476 753 sed
493 693 582 753 illum
599 696 678 754 tanti
697 694 827 755 nominis
843 697 1011 756 reverentia
1023 696 1163 755 territum
1177 694 1291 755 auxilia

269 800 459 861 pernegasse,
477 782 600 843 Aenean
616 783 732 844 interea
751 785 787 843 de
805 784 940 862 reliquiis
954 785 1094 845 Danaum
1113 780 1162 867 (ut
1177 783 1292 844 dictum

270 865 331 954 est)
361 875 451 949 atque
479 872 594 933 inmitis
622 872 747 949 Achilli,
777 874 962 952 perditisque
991 895 1026 934 ex
1055 873 1102 933 his
1131 873 1291 951 naufragio

269 960 409 1039 plurimis
433 964 463 1021 et
484 962 700 1023 interveniente
723 963 780 1023 luis
804 966 944 1042 contagio
967 964 1120 1024 nonnullis
1144 962 1292 1039 extinctis,

238 1068 252 1109 s
269 1050 384 1112 relictis
402 1070 521 1128 quoque
544 1050 577 1110 in
600 1051 719 1112 Siciliae
742 1052 880 1130 partibus
899 1054 1077 1132 aliquantis,
1100 1072 1169 1112 cum
1186 1052 1290 1130 paucis

270 1159 348 1217 quos
366 1140 509 1200 Euander
531 1140 560 1199 ei
578 1160 613 1199 ex
636 1144 765 1219 angusta
785 1142 954 1202 substantia
972 1142 1095 1201 dederat
1118 1141 1291 1217 obtinuisse,

269 1229 369 1305 ipsam
386 1228 532 1289 Iunonem
554 1248 676 1290 saevam
698 1234 729 1290 et
745 1231 777 1290 in
793 1231 962 1291 exercendis
979 1231 1147 1292 inimicitiis
1165 1231 1291 1291 infinitis

268 1317 456 1396 temporibus
485 1319 699 1396 perdurantem
728 1322 855 1396 virtute,
889 1320 1051 1381 tolerantia
1084 1324 1114 1380 et
1145 1320 1290 1381 felicitate

269 1410 445 1485 superatam
468 1408 588 1469 Aeneae
610 1409 760 1485 partibus,
783 1410 873 1469 utin
897 1410 1072 1470 duodecimo
1095 1409 1171 1469 libro
1195 1403 1290 1491 (841)

223 1514 251 1556 ro
268 1497 383 1557 lectum
406 1501 464 1571 est,
481 1493 504 1577 †
522 1499 619 1558 facere
643 1500 819 1577 conpulsam
836 1499 982 1576 illumque
1005 1500 1105 1559 omnia
1123 1519 1191 1559 oum
1210 1500 1290 1559 omni

268 1585 469 1665 prosperitate
498 1588 642 1665 adeptum
665 1608 741 1666 quae
766 1588 981 1649 nuntiaverant
1004 1588 1046 1646 dii
1069 1592 1100 1647 et
1122 1587 1290 1648 cecinerant

268 1678 364 1738 vates.

342 1852 404 1901 tet
420 1853 452 1901 ut
469 1847 573 1901 dietam
591 1847 669 1901 estV
687 1854 713 1902 et
731 1847 784 1902 del.
806 1848 848 1902 ed.
922 1848 1082 1917 teoutaqio
1100 1846 1126 1900 V
1149 1847 1227 1901 coac
1244 1846 1288 1901 ed.

269 1924 304 1972 10
323 1919 413 1985 facere
430 1916 457 1970 V
475 1917 519 1972 ed.
537 1919 630 1985 facere
648 1919 692 1974 ed.
711 1922 784 1989 post.
822 1936 859 1972 an
877 1920 912 1974 ab
930 1920 1039 1975 Aeaeae
1054 1918 1183 1987 partitae
1200 1950 1235 1957 —
1254 1949 1287 1959 —-

267 1990 377 2057 faeere?
396 2005 478 2044 cruce
497 1989 615 2058 signavi.

340 2062 406 2129 post
430 2067 505 2115 vates
531 2062 657 2129 sequitur
682 2078 753 2129 quae
780 2061 852 2116 solet
877 2061 1045 2130 subscriptio
1073 2062 1165 2116 Tiberi
1187 2061 1290 2117 Claudi

266 2132 379 2271 ἕὶῖηαιί
403 2134 456 2188 etc.
485 2133 622 2188 Aeacides
650 2133 716 2189 liber
743 2133 804 2188 VII
825 2134 971 2203 explicite
994 2134 1095 2202 Incipit
1118 2134 1186 2188 liber
1214 2133 1293 2188 VIII

282 2204 392 2258 eiciter.
