3142 4375
664 524 848 581 Arsames
865 524 918 579 XII
1236 525 1303 591 583

283 697 379 754 tatem
407 694 575 754 Romanam
607 693 725 753 dicatur
756 695 941 753 consecutus.
986 692 1095 753 talibus
1117 710 1240 752 aeemsu
1262 695 1305 751 est

282 786 422 843 iuuenum
435 785 578 843 sententia
591 784 690 843 eutis:
708 784 780 860 quia
795 783 917 842 iuvenes
931 782 1052 841 fuerant
1064 783 1120 841 hoc
1139 784 1185 841 est
1201 782 1303 857 fortes,

282 874 372 933 facile
395 873 482 950 quasi
505 872 634 949 quodam
655 872 730 932 flatu
753 872 968 931 exhortationis
992 873 1109 931 accensi
1131 872 1210 931 sunt.
1241 872 1304 930 usu

281 965 378 1037 napis
401 967 485 1037 uuae
506 963 616 1036 napis:
644 962 741 1040 magis
764 961 864 1038 inquit
886 964 916 1020 et
938 961 995 1019 hoc
1020 960 1101 1019 idem
1128 959 1303 1037 duplicavit,

251 1053 355 1129 aquia
385 1051 528 1111 volentis*
546 1051 713 1111 cohortatio
745 1051 905 1126 inpulerat.
942 1050 1087 1123 serpitque
1104 1067 1161 1123 per
1183 1050 1304 1124 samua

282 1158 431 1199 nunnur:
449 1143 480 1199 et
492 1140 642 1216 paulatim
654 1138 835 1217 procedebat
849 1141 882 1197 in
896 1140 1031 1217 singulos
1044 1138 1161 1197 inutilis
1175 1139 1304 1198 foederis

281 1250 417 1288 murmur
440 1231 531 1307 atque
553 1230 586 1287 in
604 1230 744 1290 universa
763 1229 885 1307 agmina
902 1227 1038 1288 vadendo
1058 1227 1215 1287 crescebat.
1244 1228 1304 1301 ipsi
1312 1237 1365 1287 240

282 1317 448 1377 Laurentes
470 1320 575 1377 nullan
596 1319 710 1392 ipsique
731 1318 854 1378 Latini:
882 1316 1047 1377 Laurentes
1070 1334 1227 1393 possumus
1256 1335 1303 1376 ac·

282 1406 380 1484 cipere
403 1426 453 1466 eos
477 1407 530 1484 qui
556 1406 588 1466 in
616 1408 739 1468 civitate
766 1406 976 1482 morabantur,
1005 1405 1131 1465 Latinos
1156 1425 1226 1465 vero
1250 1405 1304 1481 qui

235 1516 262 1555 ro
281 1496 485 1556 confluxerant
499 1496 536 1556 ab
551 1497 619 1556 aliis
634 1497 730 1576 loeis.¹
747 1497 809 1574 ipsi
822 1496 918 1575 igitur
931 1497 984 1573 qui
998 1495 1136 1555 dixerant
1145 1488 1212 1575 (11,
1223 1486 1303 1575 371)

280 1585 413 1661 „scilicet
435 1588 470 1644 ut
492 1585 593 1645 Turno
622 1586 779 1664 contingat
805 1587 890 1663 regia
917 1586 1058 1659 coniunx,
1087 1603 1155 1660 nos,
1186 1584 1303 1643 animae

280 1675 368 1749 viles,
391 1675 548 1733 inhumata
565 1674 728 1752 infletaque
745 1675 850 1749 turba,
873 1677 1039 1734 sternamur
1057 1673 1178 1750 campis.
1211 1673 1303 1731 etiam

281 1768 325 1839 tu,
344 1765 370 1822 si
390 1783 451 1841 qua
469 1764 526 1822 tibi
544 1764 598 1839 vis,
617 1765 644 1824 si
661 1764 754 1840 patrii
772 1765 848 1841 quid
860 1764 965 1824 Martis
979 1764 1080 1839 habes,
1097 1763 1184 1822 illum
1203 1763 1303 1839 aspice

280 1856 386 1912 eontra
412 1852 464 1929 qui
490 1850 608 1927 voeat“‚
638 1854 698 1929 ipsi
727 1853 838 1913 mutati
867 1857 939 1913 sunt
965 1852 998 1911 in
1028 1871 1094 1912 eam
1123 1851 1303 1912 sententiam

232 1960 262 2001 rs
281 1961 371 2019 quam
402 1942 576 2001 dimiserant
603 1946 634 2001 et
661 1944 712 2015 qul·
737 1943 795 2001 sibi
821 1944 884 2001 un
910 1944 1038 2017 requiem
1056 1959 1176 2016 pupuae
1202 1942 1302 2001 rebus·

280 2050 335 2104 que
352 2031 477 2090 salutern
494 2031 654 2104 sperabant
666 2049 746 2090 neue
759 2049 846 2091 annea
860 2032 962 2091 neunt
973 2032 1133 2105 foedusque
1141 2034 1303 2104 precantur

280 2122 420 2195 infectum
443 2124 470 2178 et
492 2120 589 2178 Turni
614 2125 720 2179 senten
745 2121 927 2181 innuantur
951 2122 1099 2194 innuen:
1127 2121 1302 2179 intantum

280 2210 392 2270 mutati
405 2213 489 2284 sunt,
502 2212 538 2268 ut
551 2210 604 2284 qui
617 2211 677 2268 iam
693 2203 966 2287 sperabant'otium
982 2213 1013 2270 et
1026 2212 1147 2287 plenam
1159 2209 1302 2286 requiem,

281 2301 334 2376 qui
351 2301 412 2359 iam
431 2298 539 2359 salutis
558 2318 593 2358 ac
610 2319 710 2358 rerum
727 2299 840 2358 fiducia
857 2301 1036 2360 tenebantur
1050 2318 1135 2359 arma
1148 2301 1302 2375 cuperent,

231 2407 261 2447 so
279 2392 452 2449 recusarent
464 2388 566 2448 foedus
579 2391 609 2447 et
622 2388 814 2448 miseratione
823 2389 919 2447 Turni
932 2390 1108 2465 plenissima
1120 2391 1257 2448 tenerent
1294 2434 1300 2448 .

350 2478 411 2537 His
434 2478 518 2536 aliud
538 2477 637 2536 maius
659 2477 791 2536 Iuturna
818 2478 954 2553 adiuupe'l
976 2483 1003 2537 et
1025 2479 1083 2537 alto
1106 2479 1158 2536 dat
1183 2479 1301 2551 sianum
1310 2485 1363 2534 2415

279 2567 370 2635 eaelo,
402 2583 457 2640 quo
486 2583 547 2624 non
574 2567 759 2639 praesentius
785 2567 880 2625 ullum
909 2568 1040 2626 luberet
1066 2571 1175 2625 mentes
1203 2566 1302 2625 Italas

278 2658 462 2729 numeroque
482 2655 601 2728 fefellit:
626 2655 685 2730 his,
708 2655 765 2714 hoc
788 2658 834 2715 est
855 2656 917 2714 illis
941 2675 1017 2732 quae
1041 2655 1177 2732 superius
1199 2654 1301 2713 locuta

279 2747 325 2803 est
343 2743 391 2803 vel
415 2762 489 2818 quos
511 2743 661 2820 loquendo
684 2746 887 2804 commoverat
908 2744 1087 2821 praesentis,
1111 2745 1249 2802 adiunxit
1271 2747 1301 2803 et

232 2849 260 2890 ss
278 2835 459 2906 monstrum,
482 2834 545 2891 tam
564 2852 708 2911 magnum
728 2835 758 2892 et
775 2833 820 2893 ita
844 2833 882 2893 ad
901 2852 1021 2893 oausam
1040 2834 1207 2910 praesentis
1225 2835 1300 2892 tem·

277 2921 360 2998 poris
384 2920 586 2996 conpositum,
620 2925 656 2980 ut
685 2923 820 2981 omnium
846 2923 989 2981 fefellerit
1017 2941 1130 2983 sensus.
1174 2939 1301 2994 numque

277 3013 382 3070 uolans
409 3011 502 3068 rubra
526 3011 628 3083 saluus
650 3011 733 3070 Iouis
756 3013 818 3071 ales
839 3014 873 3071 in
901 3013 1002 3072 sabra
1025 3013 1142 3071 litoreas
1170 3012 1302 3086 usitabat

278 3116 348 3159 aues
366 3100 538 3170 turbamque
555 3104 707 3159 sonantem
725 3102 854 3175 uulua
872 3102 988 3175 aliperi,
1007 3102 1101 3160 subito
1117 3119 1183 3159 eum
1197 3101 1300 3174 lapsus

278 3189 319 3248 aa
340 3188 440 3246 undas
463 3205 583 3261 neuun
606 3190 787 3248 neellentnn
801 3191 927 3264 pedibus
948 3192 1030 3264 rapu
1051 3191 1179 3264 arniper
1199 3190 1362 3248 anastase

351 3340 489 3394 ldieitur
503 3338 528 3392 V
542 3339 586 3394 ed.
605 3340 715 3395 duntur
738 3341 781 3395 ed.
804 3345 876 3410 post.
906 3343 909 3412 Ι
943 3343 1056 3397 imenso
1078 3342 1122 3397 ed.
1146 3344 1175 3396 et
1199 3341 1300 3410 optimi

276 3412 362 3481 Verg.
391 3409 464 3463 libri.
552 3415 568 3463 3
600 3411 706 3465 incensi
735 3412 778 3465 ed.
867 3420 883 3468 6
909 3415 1010 3468 inutile
1031 3413 1057 3465 V
1080 3413 1123 3467 ed.
1155 3413 1208 3468 -le's
1238 3428 1298 3466 nos.

277 3489 396 3551 8possu
410 3480 507 3551 (sic)V
521 3497 662 3549 possemus
681 3483 723 3536 ed.
780 3488 859 3538 teos
872 3484 897 3537 V
911 3486 986 3553 ipsos
1000 3485 1043 3539 ed.
1100 3490 1133 3538 10
1151 3485 1189 3538 ad
1202 3482 1300 3539 ellisV

276 3555 350 3609 abe'.
370 3552 414 3606 ed.
434 3552 553 3606 ebullis
570 3568 629 3605 nos.
710 3558 743 3606 15
763 3557 967 3622 praemiserant
989 3556 1033 3610 ed.
1066 3556 1069 3628 l
1104 3562 1130 3611 et
1151 3572 1203 3611 om
1226 3555 1299 3680 cdx)

275 3626 356 3680 rebus
381 3639 432 3691 pro
457 3623 589 3691 rebusque
609 3622 642 3677 V.
721 3629 754 3677 18
776 3630 808 3678 ue
831 3641 883 3680 om.
906 3626 950 3680 ed.
1030 3632 1064 3681 19
1089 3629 1251 3683 tenebantru

276 3701 392 3752 -rentur
417 3694 461 3747 ed.
534 3699 567 3746 22
588 3695 777 3762 praestantius
794 3694 820 3748 V
839 3695 892 3762 ed,
916 3697 965 3751 sed
988 3698 1104 3768 interpr.
1127 3699 1299 3768 aasentias

275 3766 370 3835 poscit
388 3765 423 3820 cf.
440 3769 499 3818 152.
562 3769 596 3817 24
611 3770 767 3832 praesentes
780 3765 952 3821 adimuitV
1004 3772 1157 3826 ananelus
1169 3770 1300 3839 adiunpit

276 3837 370 3961 edF't
388 3840 457 3959 Vati
477 3834 640 3958 affilabsus
657 3834 691 3889 V.
763 3840 798 3888 29
816 3839 936 3909 ermines
995 3839 1315 3906 etstattnprooas

276 3922 356 3962 e.e
413 3920 469 3972 erg.
530 3922 562 3959 rr.
