<?xml version="1.0" encoding="UTF-8"?>
<!DOCTYPE html PUBLIC "-//W3C//DTD XHTML 1.0 Transitional//EN"
    "http://www.w3.org/TR/xhtml1/DTD/xhtml1-transitional.dtd">
<html xmlns="http://www.w3.org/1999/xhtml" xml:lang="en" lang="en">
 <head>
  <title>
</title>
<meta http-equiv="Content-Type" content="text/html;charset=utf-8" />
  <meta name='ocr-system' content='tesseract 3.04.00' />
  <meta name='ocr-capabilities' content='ocr_page ocr_carea ocr_par ocr_line ocrx_word'/>
</head>
<body>
  <div class='ocr_page' id='page_1' title='image "./tibericlaudidon00unkngoog_0059.png"; bbox 0 0 3142 4375; ppageno 0'>
   <div class='ocr_carea' id='block_1_1' title="bbox 661 442 1299 523">
    <p class='ocr_par' dir='ltr' id='par_1_1' title="bbox 661 442 1299 523">
     <span class='ocr_line' id='line_1_1' title="bbox 661 442 1299 523; baseline -0.002 -15"><span class='ocrx_word' id='word_1_1' title='bbox 661 452 846 509; x_wconf 77' lang='lat' dir='ltr'>annnmos</span> <span class='ocrx_word' id='word_1_2' title='bbox 860 452 912 508; x_wconf 83' lang='lat' dir='ltr'>vn</span> <span class='ocrx_word' id='word_1_3' title='bbox 1010 442 1018 449; x_wconf 85' lang='grc'><em>·</em></span> <span class='ocrx_word' id='word_1_4' title='bbox 1252 452 1299 523; x_wconf 81' lang='lat'>55</span> 
     </span>
    </p>
   </div>
   <div class='ocr_carea' id='block_1_2' title="bbox 224 620 1358 3288">
    <p class='ocr_par' dir='ltr' id='par_1_2' title="bbox 224 620 1358 3288">
     <span class='ocr_line' id='line_1_2' title="bbox 279 620 1297 701; baseline 0 -18"><span class='ocrx_word' id='word_1_5' title='bbox 279 622 427 684; x_wconf 80' lang='lat' dir='ltr'>ordinatio</span> <span class='ocrx_word' id='word_1_6' title='bbox 456 620 662 682; x_wconf 77' lang='lat' dir='ltr'>consiliorum!</span> <span class='ocrx_word' id='word_1_7' title='bbox 707 620 838 699; x_wconf 86' lang='lat' dir='ltr'>primum</span> <span class='ocrx_word' id='word_1_8' title='bbox 865 622 927 681; x_wconf 79' lang='lat' dir='ltr'>fuit</span> <span class='ocrx_word' id='word_1_9' title='bbox 954 621 1067 701; x_wconf 90' lang='lat' dir='ltr'>quippe</span> <span class='ocrx_word' id='word_1_10' title='bbox 1089 626 1126 683; x_wconf 79' lang='lat' dir='ltr'>ut</span> <span class='ocrx_word' id='word_1_11' title='bbox 1147 642 1208 700; x_wconf 84' lang='lat' dir='ltr'>pex</span> <span class='ocrx_word' id='word_1_12' title='bbox 1234 623 1297 683; x_wconf 88' lang='lat' dir='ltr'>foe·</span> 
     </span>
     <span class='ocr_line' id='line_1_3' title="bbox 278 711 1297 790; baseline 0 -18"><span class='ocrx_word' id='word_1_13' title='bbox 278 713 345 773; x_wconf 90' lang='lat' dir='ltr'>dere</span> <span class='ocrx_word' id='word_1_14' title='bbox 373 715 489 772; x_wconf 83' lang='lat' dir='ltr'>structu</span> <span class='ocrx_word' id='word_1_15' title='bbox 513 713 694 786; x_wconf 76' lang='lat' dir='ltr'>verteretur,</span> <span class='ocrx_word' id='word_1_16' title='bbox 720 713 757 770; x_wconf 84' lang='lat' dir='ltr'>ui</span> <span class='ocrx_word' id='word_1_17' title='bbox 782 711 834 771; x_wconf 80' lang='lat' dir='ltr'>viu</span> <span class='ocrx_word' id='word_1_18' title='bbox 860 711 965 771; x_wconf 84' lang='lat' dir='ltr'>ceteris</span> <span class='ocrx_word' id='word_1_19' title='bbox 992 713 1216 773; x_wconf 80' lang='lat' dir='ltr'><strong>inventionibus</strong></span> <span class='ocrx_word' id='word_1_20' title='bbox 1244 732 1297 790; x_wconf 83' lang='lat' dir='ltr'>pu·</span> 
     </span>
     <span class='ocr_line' id='line_1_4' title="bbox 276 797 1300 876; baseline 0 -15"><span class='ocrx_word' id='word_1_21' title='bbox 276 803 400 862; x_wconf 81' lang='lat' dir='ltr'>tefierei.</span> <span class='ocrx_word' id='word_1_22' title='bbox 442 820 505 861; x_wconf 90' lang='lat' dir='ltr'>sere</span> <span class='ocrx_word' id='word_1_23' title='bbox 529 801 655 860; x_wconf 77' lang='lat' dir='ltr'>crimine.</span> <span class='ocrx_word' id='word_1_24' title='bbox 676 797 762 876; x_wconf 84' lang='lat' dir='ltr'>belli3</span> <span class='ocrx_word' id='word_1_25' title='bbox 786 799 825 859; x_wconf 82' lang='lat' dir='ltr'>ad</span> <span class='ocrx_word' id='word_1_26' title='bbox 842 800 914 859; x_wconf 91' lang='lat' dir='ltr'>belli</span> <span class='ocrx_word' id='word_1_27' title='bbox 935 800 1013 860; x_wconf 91' lang='lat' dir='ltr'>enim</span> <span class='ocrx_word' id='word_1_28' title='bbox 1032 805 1183 862; x_wconf 83' lang='lat' dir='ltr'>eertumen</span> <span class='ocrx_word' id='word_1_29' title='bbox 1200 802 1300 863; x_wconf 84' lang='lat' dir='ltr'>veniri</span> 
     </span>
     <span class='ocr_line' id='line_1_5' title="bbox 276 888 1299 969; baseline 0 -18"><span class='ocrx_word' id='word_1_30' title='bbox 276 910 337 951; x_wconf 94' lang='lat' dir='ltr'>non</span> <span class='ocrx_word' id='word_1_31' title='bbox 359 892 472 968; x_wconf 82' lang='lat' dir='ltr'>potest,</span> <span class='ocrx_word' id='word_1_32' title='bbox 495 890 555 951; x_wconf 89' lang='lat' dir='ltr'>nisi</span> <span class='ocrx_word' id='word_1_33' title='bbox 577 890 675 966; x_wconf 78' lang='lat' dir='ltr'>primo</span> <span class='ocrx_word' id='word_1_34' title='bbox 699 888 832 949; x_wconf 81' lang='lat' dir='ltr'>extiterit</span> <span class='ocrx_word' id='word_1_35' title='bbox 857 908 949 950; x_wconf 78' lang='lat' dir='ltr'>ceusu</span> <span class='ocrx_word' id='word_1_36' title='bbox 971 891 1135 969; x_wconf 79' lang='lat' dir='ltr'>pugnandi.</span> <span class='ocrx_word' id='word_1_37' title='bbox 1181 893 1299 968; x_wconf 83' lang='lat' dir='ltr'>optimo</span> 
     </span>
     <span class='ocr_line' id='line_1_6' title="bbox 242 978 1297 1056; baseline -0.001 -15"><span class='ocrx_word' id='word_1_38' title='bbox 242 1000 255 1041; x_wconf 83' lang='lat' dir='ltr'>s</span> <span class='ocrx_word' id='word_1_39' title='bbox 276 983 379 1040; x_wconf 84' lang='lat' dir='ltr'>temen</span> <span class='ocrx_word' id='word_1_40' title='bbox 400 980 491 1041; x_wconf 86' lang='lat' dir='ltr'>verbo</span> <span class='ocrx_word' id='word_1_41' title='bbox 511 979 627 1039; x_wconf 83' lang='lat' dir='ltr'>dictum</span> <span class='ocrx_word' id='word_1_42' title='bbox 649 980 696 1038; x_wconf 79' lang='lat' dir='ltr'>est</span> <span class='ocrx_word' id='word_1_43' title='bbox 718 996 794 1054; x_wconf 90' lang='lat' dir='ltr'>sere,</span> <span class='ocrx_word' id='word_1_44' title='bbox 817 981 854 1038; x_wconf 88' lang='lat' dir='ltr'>ut</span> <span class='ocrx_word' id='word_1_45' title='bbox 875 998 911 1038; x_wconf 88' lang='lat' dir='ltr'>ex</span> <span class='ocrx_word' id='word_1_46' title='bbox 933 978 981 1038; x_wconf 88' lang='lat' dir='ltr'>hie</span> <span class='ocrx_word' id='word_1_47' title='bbox 1004 998 1081 1055; x_wconf 84' lang='lat' dir='ltr'>quae</span> <span class='ocrx_word' id='word_1_48' title='bbox 1100 985 1199 1041; x_wconf 85' lang='lat' dir='ltr'>essent</span> <span class='ocrx_word' id='word_1_49' title='bbox 1221 985 1297 1056; x_wconf 80' lang='lat' dir='ltr'>suta,</span> 
     </span>
     <span class='ocr_line' id='line_1_7' title="bbox 276 1066 1299 1146; baseline 0 -17"><span class='ocrx_word' id='word_1_50' title='bbox 276 1070 337 1129; x_wconf 82' lang='lat' dir='ltr'>alie</span> <span class='ocrx_word' id='word_1_51' title='bbox 358 1088 479 1129; x_wconf 88' lang='lat' dir='ltr'>rursum</span> <span class='ocrx_word' id='word_1_52' title='bbox 501 1068 637 1128; x_wconf 84' lang='lat' dir='ltr'>fecundis</span> <span class='ocrx_word' id='word_1_53' title='bbox 660 1066 827 1127; x_wconf 76' lang='lat' dir='ltr'>excessibus</span> <span class='ocrx_word' id='word_1_54' title='bbox 850 1068 1036 1144; x_wconf 79' lang='lat' dir='ltr'><strong>pullularent</strong></span> <span class='ocrx_word' id='word_1_55' title='bbox 1054 1071 1085 1127; x_wconf 83' lang='lat' dir='ltr'>et</span> <span class='ocrx_word' id='word_1_56' title='bbox 1103 1069 1187 1129; x_wconf 85' lang='lat' dir='ltr'>eliud</span> <span class='ocrx_word' id='word_1_57' title='bbox 1205 1074 1299 1146; x_wconf 83' lang='lat' dir='ltr'>utque</span> 
     </span>
     <span class='ocr_line' id='line_1_8' title="bbox 276 1156 1296 1234; baseline -0.001 -16"><span class='ocrx_word' id='word_1_58' title='bbox 276 1158 361 1219; x_wconf 85' lang='lat' dir='ltr'>eliud</span> <span class='ocrx_word' id='word_1_59' title='bbox 391 1178 426 1219; x_wconf 88' lang='lat' dir='ltr'>ex</span> <span class='ocrx_word' id='word_1_60' title='bbox 456 1176 533 1233; x_wconf 88' lang='lat' dir='ltr'>sese,</span> <span class='ocrx_word' id='word_1_61' title='bbox 570 1157 651 1233; x_wconf 91' lang='lat' dir='ltr'>qnod</span> <span class='ocrx_word' id='word_1_62' title='bbox 681 1156 829 1217; x_wconf 81' lang='lat' dir='ltr'>vindicari</span> <span class='ocrx_word' id='word_1_63' title='bbox 858 1156 990 1234; x_wconf 82' lang='lat' dir='ltr'>deberet,</span> <span class='ocrx_word' id='word_1_64' title='bbox 1022 1158 1215 1218; x_wconf 73' lang='lat' dir='ltr'>effunderent</span> <span class='ocrx_word' id='word_1_65' title='bbox 1250 1161 1296 1217; x_wconf 90' lang='lat' dir='ltr'>iu·</span> 
     </span>
     <span class='ocr_line' id='line_1_9' title="bbox 275 1245 1298 1325; baseline -0.002 -16"><span class='ocrx_word' id='word_1_66' title='bbox 275 1251 442 1325; x_wconf 76' lang='lat' dir='ltr'>ventusque</span> <span class='ocrx_word' id='word_1_67' title='bbox 470 1249 539 1324; x_wconf 86' lang='lat' dir='ltr'>ipsa</span> <span class='ocrx_word' id='word_1_68' title='bbox 560 1245 635 1306; x_wconf 78' lang='lat' dir='ltr'>velit</span> <span class='ocrx_word' id='word_1_69' title='bbox 657 1264 753 1323; x_wconf 81' lang='lat' dir='ltr'>urme3</span> <span class='ocrx_word' id='word_1_70' title='bbox 780 1246 849 1323; x_wconf 92' lang='lat' dir='ltr'>plus</span> <span class='ocrx_word' id='word_1_71' title='bbox 877 1249 924 1306; x_wconf 88' lang='lat' dir='ltr'>est</span> <span class='ocrx_word' id='word_1_72' title='bbox 950 1248 1030 1306; x_wconf 89' lang='lat' dir='ltr'>enim</span> <span class='ocrx_word' id='word_1_73' title='bbox 1056 1249 1088 1306; x_wconf 90' lang='lat' dir='ltr'>in</span> <span class='ocrx_word' id='word_1_74' title='bbox 1115 1247 1203 1307; x_wconf 88' lang='lat' dir='ltr'>rebus</span> <span class='ocrx_word' id='word_1_75' title='bbox 1230 1267 1298 1325; x_wconf 91' lang='lat' dir='ltr'>per·</span> 
     </span>
     <span class='ocr_line' id='line_1_10' title="bbox 275 1334 1296 1415; baseline -0.002 -18"><span class='ocrx_word' id='word_1_76' title='bbox 275 1338 410 1397; x_wconf 86' lang='lat' dir='ltr'>ficiendis</span> <span class='ocrx_word' id='word_1_77' title='bbox 434 1337 511 1396; x_wconf 84' lang='lat' dir='ltr'>velle</span> <span class='ocrx_word' id='word_1_78' title='bbox 535 1354 626 1412; x_wconf 81' lang='lat' dir='ltr'>quern</span> <span class='ocrx_word' id='word_1_79' title='bbox 647 1334 722 1414; x_wconf 83' lang='lat' dir='ltr'>cogi.</span> <span class='ocrx_word' id='word_1_80' title='bbox 762 1336 835 1412; x_wconf 84' lang='lat' dir='ltr'>quie</span> <span class='ocrx_word' id='word_1_81' title='bbox 857 1335 953 1414; x_wconf 83' lang='lat' dir='ltr'>igitur</span> <span class='ocrx_word' id='word_1_82' title='bbox 969 1338 1110 1397; x_wconf 82' lang='lat' dir='ltr'>voluntas</span> <span class='ocrx_word' id='word_1_83' title='bbox 1128 1338 1161 1395; x_wconf 92' lang='lat' dir='ltr'>in</span> <span class='ocrx_word' id='word_1_84' title='bbox 1180 1338 1296 1415; x_wconf 84' lang='lat' dir='ltr'>egendo</span> 
     </span>
     <span class='ocr_line' id='line_1_11' title="bbox 227 1424 1299 1503; baseline -0.002 -17"><span class='ocrx_word' id='word_1_85' title='bbox 227 1447 256 1486; x_wconf 83' lang='grc' dir='ltr'>ιο</span> <span class='ocrx_word' id='word_1_86' title='bbox 275 1428 375 1503; x_wconf 84' lang='lat' dir='ltr'>prime</span> <span class='ocrx_word' id='word_1_87' title='bbox 403 1428 462 1500; x_wconf 81' lang='lat' dir='ltr'>esi,</span> <span class='ocrx_word' id='word_1_88' title='bbox 490 1424 586 1500; x_wconf 88' lang='lat' dir='ltr'>effice,</span> <span class='ocrx_word' id='word_1_89' title='bbox 611 1424 725 1501; x_wconf 80' lang='lat' dir='ltr'>inquii,</span> <span class='ocrx_word' id='word_1_90' title='bbox 753 1424 850 1502; x_wconf 89' lang='lat' dir='ltr'>primo</span> <span class='ocrx_word' id='word_1_91' title='bbox 873 1426 962 1500; x_wconf 80' lang='lat' dir='ltr'>velit,</span> <span class='ocrx_word' id='word_1_92' title='bbox 990 1425 1096 1485; x_wconf 91' lang='lat' dir='ltr'>dehinc</span> <span class='ocrx_word' id='word_1_93' title='bbox 1122 1428 1241 1503; x_wconf 82' lang='lat' dir='ltr'>poscei3</span> <span class='ocrx_word' id='word_1_94' title='bbox 1270 1428 1299 1485; x_wconf 89' lang='lat' dir='ltr'>si</span> 
     </span>
     <span class='ocr_line' id='line_1_12' title="bbox 276 1512 1299 1590; baseline -0.001 -16"><span class='ocrx_word' id='word_1_95' title='bbox 276 1515 378 1574; x_wconf 94' lang='lat' dir='ltr'>nullus</span> <span class='ocrx_word' id='word_1_96' title='bbox 403 1512 530 1589; x_wconf 77' lang='lat' dir='ltr'>dederit,</span> <span class='ocrx_word' id='word_1_97' title='bbox 552 1513 664 1590; x_wconf 77' lang='lat' dir='ltr'>rupini,</span> <span class='ocrx_word' id='word_1_98' title='bbox 688 1514 804 1573; x_wconf 83' lang='lat' dir='ltr'>scilieet</span> <span class='ocrx_word' id='word_1_99' title='bbox 829 1516 867 1572; x_wconf 88' lang='lat' dir='ltr'>ut</span> <span class='ocrx_word' id='word_1_100' title='bbox 892 1532 952 1573; x_wconf 93' lang='lat' dir='ltr'>non</span> <span class='ocrx_word' id='word_1_101' title='bbox 982 1518 1139 1590; x_wconf 79' lang='lat' dir='ltr'>expectata</span> <span class='ocrx_word' id='word_1_102' title='bbox 1164 1516 1299 1575; x_wconf 89' lang='lat' dir='ltr'>iussione</span> 
     </span>
     <span class='ocr_line' id='line_1_13' title="bbox 277 1603 1299 1682; baseline 0.001 -20"><span class='ocrx_word' id='word_1_103' title='bbox 277 1605 456 1680; x_wconf 74' lang='lat' dir='ltr'>cuiusquam</span> <span class='ocrx_word' id='word_1_104' title='bbox 486 1603 588 1663; x_wconf 85' lang='lat' dir='ltr'>volens</span> <span class='ocrx_word' id='word_1_105' title='bbox 621 1604 660 1663; x_wconf 84' lang='lat' dir='ltr'>ed</span> <span class='ocrx_word' id='word_1_106' title='bbox 689 1621 774 1663; x_wconf 79' lang='lat' dir='ltr'>orme</span> <span class='ocrx_word' id='word_1_107' title='bbox 800 1606 967 1662; x_wconf 80' lang='lat' dir='ltr'>concurrat.</span> <span class='ocrx_word' id='word_1_108' title='bbox 1012 1622 1117 1681; x_wconf 87' lang='lat' dir='ltr'>repere</span> <span class='ocrx_word' id='word_1_109' title='bbox 1147 1604 1299 1682; x_wconf 77' lang='lat' dir='ltr'>significet</span> 
     </span>
     <span class='ocr_line' id='line_1_14' title="bbox 278 1692 1297 1770; baseline 0.001 -19"><span class='ocrx_word' id='word_1_110' title='bbox 278 1692 394 1768; x_wconf 83' lang='lat' dir='ltr'>aliquid</span> <span class='ocrx_word' id='word_1_111' title='bbox 417 1693 479 1753; x_wconf 93' lang='lat' dir='ltr'>sine</span> <span class='ocrx_word' id='word_1_112' title='bbox 501 1693 681 1752; x_wconf 80' lang='lat' dir='ltr'>auctoritate</span> <span class='ocrx_word' id='word_1_113' title='bbox 702 1692 836 1752; x_wconf 83' lang='lat' dir='ltr'>iubentis</span> <span class='ocrx_word' id='word_1_114' title='bbox 859 1693 1007 1752; x_wconf 83' lang='lat' dir='ltr'>invadere.</span> <span class='ocrx_word' id='word_1_115' title='bbox 1053 1693 1204 1769; x_wconf 84' lang='lat' dir='ltr'>conplevit</span> <span class='ocrx_word' id='word_1_116' title='bbox 1228 1713 1297 1770; x_wconf 91' lang='lat' dir='ltr'>pro-</span> 
     </span>
     <span class='ocr_line' id='line_1_15' title="bbox 277 1781 1297 1859; baseline 0.001 -19"><span class='ocrx_word' id='word_1_117' title='bbox 277 1782 456 1858; x_wconf 78' lang='lat' dir='ltr'>positionem</span> <span class='ocrx_word' id='word_1_118' title='bbox 480 1802 541 1859; x_wconf 81' lang='lat' dir='ltr'>quo</span> <span class='ocrx_word' id='word_1_119' title='bbox 563 1781 641 1841; x_wconf 79' lang='lat' dir='ltr'>dixit</span> <span class='ocrx_word' id='word_1_120' title='bbox 659 1801 773 1857; x_wconf 83' lang='lat' dir='ltr'>„quum</span> <span class='ocrx_word' id='word_1_121' title='bbox 797 1781 874 1841; x_wconf 92' lang='lat' dir='ltr'>Iuno</span> <span class='ocrx_word' id='word_1_122' title='bbox 897 1782 944 1840; x_wconf 91' lang='lat' dir='ltr'>his</span> <span class='ocrx_word' id='word_1_123' title='bbox 968 1781 1051 1841; x_wconf 84' lang='lat' dir='ltr'>acuit</span> <span class='ocrx_word' id='word_1_124' title='bbox 1073 1781 1203 1858; x_wconf 79' lang='lat' dir='ltr'>verbis“‚</span> <span class='ocrx_word' id='word_1_125' title='bbox 1226 1802 1297 1841; x_wconf 81' lang='lat' dir='ltr'>num</span> 
     </span>
     <span class='ocr_line' id='line_1_16' title="bbox 232 1870 1298 1947; baseline 0.001 -19"><span class='ocrx_word' id='word_1_126' title='bbox 232 1887 258 1928; x_wconf 84' lang='lat'>15</span> <span class='ocrx_word' id='word_1_127' title='bbox 277 1871 429 1931; x_wconf 78' lang='lat' dir='ltr'>laudando</span> <span class='ocrx_word' id='word_1_128' title='bbox 460 1892 527 1932; x_wconf 82' lang='lat' dir='ltr'>eam</span> <span class='ocrx_word' id='word_1_129' title='bbox 561 1873 592 1931; x_wconf 81' lang='lat' dir='ltr'>eb</span> <span class='ocrx_word' id='word_1_130' title='bbox 624 1872 658 1931; x_wconf 88' lang='lat' dir='ltr'>in</span> <span class='ocrx_word' id='word_1_131' title='bbox 690 1870 797 1930; x_wconf 86' lang='lat' dir='ltr'>officiis</span> <span class='ocrx_word' id='word_1_132' title='bbox 834 1870 1060 1931; x_wconf 83' lang='lat' dir='ltr'>detestabilibus</span> <span class='ocrx_word' id='word_1_133' title='bbox 1093 1871 1298 1947; x_wconf 80' lang='lat' dir='ltr'>praeferendo,</span> 
     </span>
     <span class='ocr_line' id='line_1_17' title="bbox 278 1959 1296 2036; baseline 0 -17"><span class='ocrx_word' id='word_1_134' title='bbox 278 1960 351 2035; x_wconf 91' lang='lat' dir='ltr'>quin</span> <span class='ocrx_word' id='word_1_135' title='bbox 378 1961 469 2021; x_wconf 80' lang='lat' dir='ltr'>etiem</span> <span class='ocrx_word' id='word_1_136' title='bbox 496 1959 596 2021; x_wconf 87' lang='lat' dir='ltr'>dundo</span> <span class='ocrx_word' id='word_1_137' title='bbox 624 1959 751 2021; x_wconf 82' lang='lat' dir='ltr'>oonsilio</span> <span class='ocrx_word' id='word_1_138' title='bbox 778 1965 809 2019; x_wconf 83' lang='lat' dir='ltr'>et</span> <span class='ocrx_word' id='word_1_139' title='bbox 836 1960 875 2019; x_wconf 87' lang='lat' dir='ltr'>ud</span> <span class='ocrx_word' id='word_1_140' title='bbox 901 1960 1115 2036; x_wconf 87' lang='lat' dir='ltr'>perficiendum</span> <span class='ocrx_word' id='word_1_141' title='bbox 1130 1959 1296 2020; x_wconf 81' lang='lat' dir='ltr'>&#39;mandetis</span> 
     </span>
     <span class='ocr_line' id='line_1_18' title="bbox 276 2049 1128 2126; baseline 0 -18"><span class='ocrx_word' id='word_1_142' title='bbox 276 2050 420 2109; x_wconf 82' lang='lat' dir='ltr'>ermundo</span> <span class='ocrx_word' id='word_1_143' title='bbox 442 2054 554 2109; x_wconf 80' lang='lat' dir='ltr'>nutura</span> <span class='ocrx_word' id='word_1_144' title='bbox 576 2050 673 2110; x_wconf 79' lang='lat' dir='ltr'>ferum</span> <span class='ocrx_word' id='word_1_145' title='bbox 695 2049 768 2109; x_wconf 85' lang='lat' dir='ltr'>fecit</span> <span class='ocrx_word' id='word_1_146' title='bbox 789 2049 965 2109; x_wconf 83' lang='lat' dir='ltr'>instruendo</span> <span class='ocrx_word' id='word_1_147' title='bbox 989 2051 1128 2126; x_wconf 89' lang='lat' dir='ltr'>peiorem.</span> 
     </span>
     <span class='ocr_line' id='line_1_19' title="bbox 346 2137 1297 2216; baseline -0.003 -17"><span class='ocrx_word' id='word_1_148' title='bbox 346 2138 442 2209; x_wconf 63' lang='lat' dir='ltr'>blein,</span> <span class='ocrx_word' id='word_1_149' title='bbox 470 2140 526 2200; x_wconf 88' lang='lat' dir='ltr'>hoc</span> <span class='ocrx_word' id='word_1_150' title='bbox 549 2143 595 2200; x_wconf 84' lang='lat' dir='ltr'>esi</span> <span class='ocrx_word' id='word_1_151' title='bbox 618 2159 654 2199; x_wconf 84' lang='lat' dir='ltr'>ex</span> <span class='ocrx_word' id='word_1_152' title='bbox 677 2158 712 2199; x_wconf 91' lang='lat' dir='ltr'>eo</span> <span class='ocrx_word' id='word_1_153' title='bbox 735 2142 900 2216; x_wconf 76' lang='lat' dir='ltr'>momento,</span> <span class='ocrx_word' id='word_1_154' title='bbox 930 2138 1090 2214; x_wconf 62' lang='lat' dir='ltr'>(iuuencis</span> <span class='ocrx_word' id='word_1_155' title='bbox 1112 2137 1223 2198; x_wconf 81' lang='lat' dir='ltr'>Allecto</span> <span class='ocrx_word' id='word_1_156' title='bbox 1250 2139 1297 2197; x_wconf 81' lang='lat' dir='ltr'>in</span> 
     </span>
     <span class='ocr_line' id='line_1_20' title="bbox 273 2229 1296 2305; baseline 0 -18"><span class='ocrx_word' id='word_1_157' title='bbox 273 2231 351 2302; x_wconf 81' lang='lat' dir='ltr'>fecta</span> <span class='ocrx_word' id='word_1_158' title='bbox 372 2230 507 2288; x_wconf 82' lang='lat' dir='ltr'>uenenis:</span> <span class='ocrx_word' id='word_1_159' title='bbox 529 2229 656 2304; x_wconf 75' lang='lat' dir='ltr'>Allecto,</span> <span class='ocrx_word' id='word_1_160' title='bbox 680 2229 729 2289; x_wconf 89' lang='lat' dir='ltr'>cui</span> <span class='ocrx_word' id='word_1_161' title='bbox 751 2249 866 2289; x_wconf 79' lang='lat' dir='ltr'>venena</span> <span class='ocrx_word' id='word_1_162' title='bbox 890 2232 1065 2305; x_wconf 82' lang='lat' dir='ltr'>supererunt</span> <span class='ocrx_word' id='word_1_163' title='bbox 1087 2229 1160 2289; x_wconf 82' lang='lat' dir='ltr'>diris</span> <span class='ocrx_word' id='word_1_164' title='bbox 1183 2229 1296 2288; x_wconf 78' lang='lat' dir='ltr'>infecte</span> 
     </span>
     <span class='ocr_line' id='line_1_21' title="bbox 229 2317 1296 2397; baseline 0.004 -24"><span class='ocrx_word' id='word_1_165' title='bbox 229 2335 256 2375; x_wconf 83' lang='lat' dir='ltr'>so</span> <span class='ocrx_word' id='word_1_166' title='bbox 275 2318 472 2395; x_wconf 76' lang='lat' dir='ltr'>serpentibus.</span> <span class='ocrx_word' id='word_1_167' title='bbox 520 2317 684 2397; x_wconf 82' lang='lat' dir='ltr'>Gorgoneis</span> <span class='ocrx_word' id='word_1_168' title='bbox 709 2318 798 2393; x_wconf 82' lang='lat' dir='ltr'>dixit,</span> <span class='ocrx_word' id='word_1_169' title='bbox 824 2318 915 2378; x_wconf 84' lang='lat' dir='ltr'>utin</span> <span class='ocrx_word' id='word_1_170' title='bbox 939 2338 1006 2377; x_wconf 90' lang='lat' dir='ltr'>eum</span> <span class='ocrx_word' id='word_1_171' title='bbox 1029 2319 1152 2378; x_wconf 91' lang='lat' dir='ltr'>modum</span> <span class='ocrx_word' id='word_1_172' title='bbox 1177 2320 1296 2377; x_wconf 77' lang='lat' dir='ltr'>mutatu</span> 
     </span>
     <span class='ocr_line' id='line_1_22' title="bbox 274 2406 1296 2486; baseline 0.001 -20"><span class='ocrx_word' id='word_1_173' title='bbox 274 2408 427 2466; x_wconf 86' lang='lat' dir='ltr'>videretur</span> <span class='ocrx_word' id='word_1_174' title='bbox 450 2426 509 2483; x_wconf 90' lang='lat' dir='ltr'>quo</span> <span class='ocrx_word' id='word_1_175' title='bbox 531 2407 657 2486; x_wconf 76' lang='lat' dir='ltr'>fingitur</span> <span class='ocrx_word' id='word_1_176' title='bbox 679 2406 821 2485; x_wconf 83' lang='lat' dir='ltr'>Gorgona</span> <span class='ocrx_word' id='word_1_177' title='bbox 847 2410 878 2466; x_wconf 81' lang='lat' dir='ltr'>et</span> <span class='ocrx_word' id='word_1_178' title='bbox 899 2408 972 2466; x_wconf 79' lang='lat' dir='ltr'>tulis</span> <span class='ocrx_word' id='word_1_179' title='bbox 1000 2411 1150 2485; x_wconf 78' lang='lat' dir='ltr'>serpentes</span> <span class='ocrx_word' id='word_1_180' title='bbox 1179 2411 1296 2486; x_wconf 80' lang='lat' dir='ltr'>gestare</span> 
     </span>
     <span class='ocr_line' id='line_1_23' title="bbox 274 2496 1297 2574; baseline 0 -19"><span class='ocrx_word' id='word_1_181' title='bbox 274 2516 329 2573; x_wconf 91' lang='lat' dir='ltr'>pro</span> <span class='ocrx_word' id='word_1_182' title='bbox 349 2496 480 2556; x_wconf 85' lang='lat' dir='ltr'>crinibus</span> <span class='ocrx_word' id='word_1_183' title='bbox 500 2496 600 2574; x_wconf 82' lang='lat' dir='ltr'>qualis</span> <span class='ocrx_word' id='word_1_184' title='bbox 617 2496 672 2555; x_wconf 88' lang='lat' dir='ltr'>illu</span> <span class='ocrx_word' id='word_1_185' title='bbox 690 2499 795 2572; x_wconf 78' lang='lat' dir='ltr'>portet</span> <span class='ocrx_word' id='word_1_186' title='bbox 811 2498 844 2556; x_wconf 93' lang='lat' dir='ltr'>in</span> <span class='ocrx_word' id='word_1_187' title='bbox 862 2496 982 2556; x_wconf 79' lang='lat' dir='ltr'>vertice.</span> <span class='ocrx_word' id='word_1_188' title='bbox 1012 2498 1159 2570; x_wconf 81' lang='lat' dir='ltr'>principie</span> <span class='ocrx_word' id='word_1_189' title='bbox 1172 2498 1297 2556; x_wconf 84' lang='lat' dir='ltr'>Latium</span> 
     </span>
     <span class='ocr_line' id='line_1_24' title="bbox 275 2585 1296 2660; baseline -0.001 -16"><span class='ocrx_word' id='word_1_190' title='bbox 275 2589 302 2644; x_wconf 86' lang='lat' dir='ltr'>et</span> <span class='ocrx_word' id='word_1_191' title='bbox 323 2585 486 2644; x_wconf 82' lang='lat' dir='ltr'>Laurentis</span> <span class='ocrx_word' id='word_1_192' title='bbox 507 2590 581 2644; x_wconf 89' lang='lat' dir='ltr'>tecta</span> <span class='ocrx_word' id='word_1_193' title='bbox 608 2587 729 2660; x_wconf 73' lang='lat' dir='ltr'>uranu·</span> <span class='ocrx_word' id='word_1_194' title='bbox 755 2586 833 2645; x_wconf 84' lang='lat' dir='ltr'>celsa</span> <span class='ocrx_word' id='word_1_195' title='bbox 855 2586 943 2660; x_wconf 81' lang='lat' dir='ltr'>petit:</span> <span class='ocrx_word' id='word_1_196' title='bbox 973 2587 1030 2644; x_wconf 89' lang='lat' dir='ltr'>hoo</span> <span class='ocrx_word' id='word_1_197' title='bbox 1057 2586 1207 2645; x_wconf 81' lang='lat' dir='ltr'>mandetis</span> <span class='ocrx_word' id='word_1_198' title='bbox 1235 2605 1296 2644; x_wconf 92' lang='lat' dir='ltr'>non</span> 
     </span>
     <span class='ocr_line' id='line_1_25' title="bbox 274 2673 1296 2753; baseline -0.001 -20"><span class='ocrx_word' id='word_1_199' title='bbox 274 2673 441 2734; x_wconf 81' lang='lat' dir='ltr'>inseruerat</span> <span class='ocrx_word' id='word_1_200' title='bbox 467 2674 558 2750; x_wconf 85' lang='lat' dir='ltr'>Iuno,</span> <span class='ocrx_word' id='word_1_201' title='bbox 591 2675 642 2734; x_wconf 85' lang='lat' dir='ltr'>sed</span> <span class='ocrx_word' id='word_1_202' title='bbox 674 2674 845 2733; x_wconf 85' lang='lat' dir='ltr'>faciendum</span> <span class='ocrx_word' id='word_1_203' title='bbox 877 2678 1067 2753; x_wconf 78' lang='lat' dir='ltr'>suggesserat</span> <span class='ocrx_word' id='word_1_204' title='bbox 1099 2676 1209 2733; x_wconf 82' lang='lat' dir='ltr'>Furiae</span> <span class='ocrx_word' id='word_1_205' title='bbox 1244 2694 1296 2732; x_wconf 84' lang='lat' dir='ltr'>ne-</span> 
     </span>
     <span class='ocr_line' id='line_1_26' title="bbox 226 2763 1296 2840; baseline 0 -20"><span class='ocrx_word' id='word_1_206' title='bbox 226 2778 255 2820; x_wconf 78' lang='lat' dir='ltr'>m</span> <span class='ocrx_word' id='word_1_207' title='bbox 273 2763 382 2823; x_wconf 80' lang='lat' dir='ltr'>&#39;curulis</span> <span class='ocrx_word' id='word_1_208' title='bbox 405 2763 549 2823; x_wconf 80' lang='lat' dir='ltr'>inventio.</span> <span class='ocrx_word' id='word_1_209' title='bbox 591 2764 664 2823; x_wconf 86' lang='lat' dir='ltr'>dicit</span> <span class='ocrx_word' id='word_1_210' title='bbox 686 2782 757 2840; x_wconf 84' lang='lat' dir='ltr'>ergo</span> <span class='ocrx_word' id='word_1_211' title='bbox 781 2763 854 2840; x_wconf 88' lang='lat' dir='ltr'>quid</span> <span class='ocrx_word' id='word_1_212' title='bbox 877 2764 991 2823; x_wconf 84' lang='lat' dir='ltr'>factum</span> <span class='ocrx_word' id='word_1_213' title='bbox 1015 2765 1067 2823; x_wconf 84' lang='lat' dir='ltr'>sit:</span> <span class='ocrx_word' id='word_1_214' title='bbox 1092 2765 1164 2836; x_wconf 81' lang='lat' dir='ltr'>fuit,</span> <span class='ocrx_word' id='word_1_215' title='bbox 1187 2764 1296 2837; x_wconf 85' lang='lat' dir='ltr'>inquit,</span> 
     </span>
     <span class='ocr_line' id='line_1_27' title="bbox 274 2851 1295 2929; baseline -0.002 -17"><span class='ocrx_word' id='word_1_216' title='bbox 274 2853 313 2912; x_wconf 86' lang='lat' dir='ltr'>ud</span> <span class='ocrx_word' id='word_1_217' title='bbox 336 2851 440 2912; x_wconf 84' lang='lat' dir='ltr'>Latini</span> <span class='ocrx_word' id='word_1_218' title='bbox 463 2853 593 2913; x_wconf 91' lang='lat' dir='ltr'>domum.</span> <span class='ocrx_word' id='word_1_219' title='bbox 639 2871 719 2912; x_wconf 91' lang='lat' dir='ltr'>nunc</span> <span class='ocrx_word' id='word_1_220' title='bbox 741 2853 836 2929; x_wconf 88' lang='lat' dir='ltr'>ipsius</span> <span class='ocrx_word' id='word_1_221' title='bbox 860 2853 935 2912; x_wconf 80' lang='lat' dir='ltr'>fecii</span> <span class='ocrx_word' id='word_1_222' title='bbox 957 2852 1043 2912; x_wconf 88' lang='lat' dir='ltr'>reddi</span> <span class='ocrx_word' id='word_1_223' title='bbox 1064 2852 1174 2928; x_wconf 74' lang='lat' dir='ltr'>incipit</span> <span class='ocrx_word' id='word_1_224' title='bbox 1196 2870 1295 2910; x_wconf 83' lang='lat' dir='ltr'>eausa.</span> 
     </span>
     <span class='ocr_line' id='line_1_28' title="bbox 273 2941 1297 3016; baseline -0.003 -15"><span class='ocrx_word' id='word_1_225' title='bbox 273 2943 449 3016; x_wconf 78' lang='lat' dir='ltr'>taeitmnque</span> <span class='ocrx_word' id='word_1_226' title='bbox 481 2943 592 3001; x_wconf 83' lang='lat' dir='ltr'>obsedit</span> <span class='ocrx_word' id='word_1_227' title='bbox 623 2942 712 3001; x_wconf 89' lang='lat' dir='ltr'>limen</span> <span class='ocrx_word' id='word_1_228' title='bbox 743 2941 883 3011; x_wconf 88' lang='lat' dir='ltr'>Amatae,</span> <span class='ocrx_word' id='word_1_229' title='bbox 922 2960 1010 3014; x_wconf 79' lang='lat' dir='ltr'>quam</span> <span class='ocrx_word' id='word_1_230' title='bbox 1046 2958 1135 3014; x_wconf 81' lang='lat' dir='ltr'>super</span> <span class='ocrx_word' id='word_1_231' title='bbox 1169 2941 1297 2999; x_wconf 85' lang='lat' dir='ltr'>aduentu</span> 
     </span>
     <span class='ocr_line' id='line_1_29' title="bbox 274 3031 1358 3106; baseline -0.001 -16"><span class='ocrx_word' id='word_1_232' title='bbox 274 3032 421 3090; x_wconf 81' lang='lat' dir='ltr'>Teucrum</span> <span class='ocrx_word' id='word_1_233' title='bbox 445 3031 597 3104; x_wconf 77' lang='lat' dir='ltr'>Turnique</span> <span class='ocrx_word' id='word_1_234' title='bbox 618 3032 785 3106; x_wconf 70' lang='lat' dir='ltr'>hymenaeis</span> <span class='ocrx_word' id='word_1_235' title='bbox 808 3032 952 3104; x_wconf 74' lang='lat' dir='ltr'>femineae</span> <span class='ocrx_word' id='word_1_236' title='bbox 977 3031 1126 3089; x_wconf 76' lang='lat' dir='ltr'>ardentem</span> <span class='ocrx_word' id='word_1_237' title='bbox 1153 3040 1358 3102; x_wconf 68' lang='lat' dir='ltr'>unaeauencc</span> 
     </span>
     <span class='ocr_line' id='line_1_30' title="bbox 272 3119 1297 3198; baseline -0.002 -19"><span class='ocrx_word' id='word_1_238' title='bbox 272 3122 393 3195; x_wconf 78' lang='lat' dir='ltr'>iraeque</span> <span class='ocrx_word' id='word_1_239' title='bbox 415 3123 588 3193; x_wconf 81' lang='lat' dir='ltr'>coquebant:</span> <span class='ocrx_word' id='word_1_240' title='bbox 609 3140 670 3180; x_wconf 91' lang='lat' dir='ltr'>non</span> <span class='ocrx_word' id='word_1_241' title='bbox 693 3122 736 3180; x_wconf 90' lang='lat' dir='ltr'>sie</span> <span class='ocrx_word' id='word_1_242' title='bbox 759 3122 837 3198; x_wconf 82' lang='lat' dir='ltr'>petit</span> <span class='ocrx_word' id='word_1_243' title='bbox 856 3121 977 3178; x_wconf 90' lang='lat' dir='ltr'>domum</span> <span class='ocrx_word' id='word_1_244' title='bbox 994 3120 1110 3197; x_wconf 81' lang='lat' dir='ltr'>regiam</span> <span class='ocrx_word' id='word_1_245' title='bbox 1132 3119 1238 3194; x_wconf 80' lang='lat' dir='ltr'>Furio,</span> <span class='ocrx_word' id='word_1_246' title='bbox 1261 3122 1297 3177; x_wconf 80' lang='lat' dir='ltr'>ni</span> 
     </span>
     <span class='ocr_line' id='line_1_31' title="bbox 224 3208 1295 3288; baseline -0.001 -21"><span class='ocrx_word' id='word_1_247' title='bbox 224 3226 255 3266; x_wconf 84' lang='lat' dir='ltr'>eo</span> <span class='ocrx_word' id='word_1_248' title='bbox 272 3229 375 3288; x_wconf 82' lang='lat' dir='ltr'>regem</span> <span class='ocrx_word' id='word_1_249' title='bbox 388 3211 489 3286; x_wconf 85' lang='lat' dir='ltr'>ipsum</span> <span class='ocrx_word' id='word_1_250' title='bbox 506 3210 719 3286; x_wconf 78' lang='lat' dir='ltr'>adgrederetur</span> <span class='ocrx_word' id='word_1_251' title='bbox 738 3214 792 3269; x_wconf 80' lang='lat' dir='ltr'>nub</span> <span class='ocrx_word' id='word_1_252' title='bbox 809 3209 941 3286; x_wconf 80' lang='lat' dir='ltr'>falleret,</span> <span class='ocrx_word' id='word_1_253' title='bbox 960 3210 1012 3268; x_wconf 89' lang='lat' dir='ltr'>sed</span> <span class='ocrx_word' id='word_1_254' title='bbox 1029 3208 1156 3269; x_wconf 78' lang='lat' dir='ltr'>laelium</span> <span class='ocrx_word' id='word_1_255' title='bbox 1166 3208 1295 3266; x_wconf 80' lang='lat' dir='ltr'>Amatee</span> 
     </span>
    </p>
   </div>
   <div class='ocr_carea' id='block_1_3' title="bbox 272 3412 1326 3912">
    <p class='ocr_par' dir='ltr' id='par_1_3' title="bbox 272 3412 1326 3912">
     <span class='ocr_line' id='line_1_32' title="bbox 347 3412 1294 3484; baseline -0.002 -16"><span class='ocrx_word' id='word_1_256' title='bbox 347 3421 361 3468; x_wconf 91' lang='lat'>1</span> <span class='ocrx_word' id='word_1_257' title='bbox 377 3417 460 3484; x_wconf 81' lang='lat' dir='ltr'>pecie</span> <span class='ocrx_word' id='word_1_258' title='bbox 477 3414 585 3482; x_wconf 85' lang='lat' dir='ltr'>foedere</span> <span class='ocrx_word' id='word_1_259' title='bbox 602 3421 707 3469; x_wconf 74' lang='lat' dir='ltr'>structu</span> <span class='ocrx_word' id='word_1_260' title='bbox 725 3422 873 3470; x_wconf 89' lang='lat' dir='ltr'>uerteretur</span> <span class='ocrx_word' id='word_1_261' title='bbox 886 3414 912 3468; x_wconf 87' lang='lat' dir='ltr'><strong>V</strong></span> <span class='ocrx_word' id='word_1_262' title='bbox 926 3431 956 3483; x_wconf 79' lang='lat' dir='ltr'>p.</span> <span class='ocrx_word' id='word_1_263' title='bbox 971 3415 992 3481; x_wconf 80' lang='lat' dir='ltr'>f.</span> <span class='ocrx_word' id='word_1_264' title='bbox 1007 3421 1053 3468; x_wconf 82' lang='lat' dir='ltr'>etr.</span> <span class='ocrx_word' id='word_1_265' title='bbox 1069 3421 1237 3469; x_wconf 80' lang='lat' dir='ltr'>verterentur</span> <span class='ocrx_word' id='word_1_266' title='bbox 1251 3412 1294 3466; x_wconf 89' lang='lat' dir='ltr'>ed.</span> 
     </span>
     <span class='ocr_line' id='line_1_33' title="bbox 273 3484 1296 3555; baseline -0.002 -15"><span class='ocrx_word' id='word_1_267' title='bbox 273 3492 290 3540; x_wconf 78' lang='lat'>2</span> <span class='ocrx_word' id='word_1_268' title='bbox 317 3488 412 3542; x_wconf 81' lang='lat' dir='ltr'>ceteris</span> <span class='ocrx_word' id='word_1_269' title='bbox 434 3486 460 3540; x_wconf 91' lang='lat' dir='ltr'>V</span> <span class='ocrx_word' id='word_1_270' title='bbox 486 3487 585 3541; x_wconf 79' lang='lat' dir='ltr'>euterio</span> <span class='ocrx_word' id='word_1_271' title='bbox 610 3485 653 3539; x_wconf 89' lang='lat' dir='ltr'>ed.</span> <span class='ocrx_word' id='word_1_272' title='bbox 735 3491 752 3538; x_wconf 82' lang='lat'>4</span> <span class='ocrx_word' id='word_1_273' title='bbox 776 3488 1036 3555; x_wconf 76' lang='lat' dir='ltr'>potest—entituit</span> <span class='ocrx_word' id='word_1_274' title='bbox 1058 3484 1084 3538; x_wconf 91' lang='lat' dir='ltr'>V</span> <span class='ocrx_word' id='word_1_275' title='bbox 1107 3492 1296 3554; x_wconf 77' lang='lat' dir='ltr'>posset—en·</span> 
     </span>
     <span class='ocr_line' id='line_1_34' title="bbox 272 3555 1294 3623; baseline -0.005 -10"><span class='ocrx_word' id='word_1_276' title='bbox 272 3559 374 3613; x_wconf 79' lang='lat' dir='ltr'>titisset</span> <span class='ocrx_word' id='word_1_277' title='bbox 391 3558 434 3612; x_wconf 90' lang='lat' dir='ltr'>ed.</span> <span class='ocrx_word' id='word_1_278' title='bbox 498 3557 675 3612; x_wconf 75' lang='lat' dir='ltr'>&#39;inindicare</span> <span class='ocrx_word' id='word_1_279' title='bbox 692 3555 718 3609; x_wconf 87' lang='lat' dir='ltr'><strong>V</strong></span> <span class='ocrx_word' id='word_1_280' title='bbox 737 3556 779 3612; x_wconf 89' lang='lat' dir='ltr'>ed.</span> <span class='ocrx_word' id='word_1_281' title='bbox 844 3563 876 3610; x_wconf 92' lang='lat'>11</span> <span class='ocrx_word' id='word_1_282' title='bbox 896 3559 1008 3612; x_wconf 79' lang='lat' dir='ltr'>dedunt</span> <span class='ocrx_word' id='word_1_283' title='bbox 1026 3557 1068 3610; x_wconf 89' lang='lat' dir='ltr'>ed.</span> <span class='ocrx_word' id='word_1_284' title='bbox 1098 3556 1100 3623; x_wconf 77' lang='lat' dir='ltr'><strong>l</strong></span> <span class='ocrx_word' id='word_1_285' title='bbox 1128 3558 1232 3612; x_wconf 79' lang='lat' dir='ltr'>cisione</span> <span class='ocrx_word' id='word_1_286' title='bbox 1251 3555 1294 3610; x_wconf 88' lang='lat' dir='ltr'>ed.</span> 
     </span>
     <span class='ocr_line' id='line_1_35' title="bbox 274 3627 1294 3700; baseline -0.002 -18"><span class='ocrx_word' id='word_1_287' title='bbox 274 3634 308 3682; x_wconf 76' lang='lat'>12</span> <span class='ocrx_word' id='word_1_288' title='bbox 328 3635 469 3684; x_wconf 79' lang='lat' dir='ltr'>concurret</span> <span class='ocrx_word' id='word_1_289' title='bbox 488 3628 531 3683; x_wconf 90' lang='lat' dir='ltr'>ed.</span> <span class='ocrx_word' id='word_1_290' title='bbox 607 3633 640 3681; x_wconf 86' lang='grc'>16</span> <span class='ocrx_word' id='word_1_291' title='bbox 658 3629 726 3696; x_wconf 79' lang='lat' dir='ltr'>quin</span> <span class='ocrx_word' id='word_1_292' title='bbox 744 3627 770 3682; x_wconf 91' lang='lat' dir='ltr'>V</span> <span class='ocrx_word' id='word_1_293' title='bbox 788 3645 858 3696; x_wconf 73' lang='lat' dir='ltr'>quae</span> <span class='ocrx_word' id='word_1_294' title='bbox 877 3629 920 3682; x_wconf 88' lang='lat' dir='ltr'>ed.</span> <span class='ocrx_word' id='word_1_295' title='bbox 948 3629 951 3699; x_wconf 73' lang='lat' dir='ltr'><strong>l</strong></span> <span class='ocrx_word' id='word_1_296' title='bbox 976 3629 1072 3682; x_wconf 79' lang='lat' dir='ltr'>denda</span> <span class='ocrx_word' id='word_1_297' title='bbox 1090 3627 1116 3681; x_wconf 95' lang='lat' dir='ltr'>V</span> <span class='ocrx_word' id='word_1_298' title='bbox 1135 3645 1204 3683; x_wconf 87' lang='lat' dir='ltr'>corr.</span> <span class='ocrx_word' id='word_1_299' title='bbox 1224 3627 1267 3681; x_wconf 92' lang='lat' dir='ltr'>ed.</span> <span class='ocrx_word' id='word_1_300' title='bbox 1290 3627 1294 3700; x_wconf 72' lang='lat' dir='ltr'><strong>l</strong></span> 
     </span>
     <span class='ocr_line' id='line_1_36' title="bbox 273 3698 1304 3769; baseline -0.008 -14"><span class='ocrx_word' id='word_1_301' title='bbox 273 3707 301 3756; x_wconf 90' lang='lat' dir='ltr'>et</span> <span class='ocrx_word' id='word_1_302' title='bbox 318 3717 371 3755; x_wconf 90' lang='lat' dir='ltr'>om.</span> <span class='ocrx_word' id='word_1_303' title='bbox 387 3700 431 3755; x_wconf 90' lang='lat' dir='ltr'>ed.</span> <span class='ocrx_word' id='word_1_304' title='bbox 452 3701 455 3769; x_wconf 78' lang='lat' dir='ltr'><strong>l</strong></span> <span class='ocrx_word' id='word_1_305' title='bbox 476 3700 612 3754; x_wconf 83' lang='lat' dir='ltr'>mandatu</span> <span class='ocrx_word' id='word_1_306' title='bbox 626 3698 670 3752; x_wconf 88' lang='lat' dir='ltr'>ed.</span> <span class='ocrx_word' id='word_1_307' title='bbox 725 3705 756 3752; x_wconf 73' lang='lat'>1‘1</span> <span class='ocrx_word' id='word_1_308' title='bbox 771 3707 875 3754; x_wconf 80' lang='lat' dir='ltr'>natrera</span> <span class='ocrx_word' id='word_1_309' title='bbox 888 3700 950 3766; x_wconf 80' lang='lat' dir='ltr'>feru</span> <span class='ocrx_word' id='word_1_310' title='bbox 963 3698 989 3752; x_wconf 92' lang='lat' dir='ltr'>V</span> <span class='ocrx_word' id='word_1_311' title='bbox 1003 3706 1134 3754; x_wconf 84' lang='lat' dir='ltr'>naturam</span> <span class='ocrx_word' id='word_1_312' title='bbox 1149 3701 1241 3767; x_wconf 70' lang='lat' dir='ltr'>serum</span> <span class='ocrx_word' id='word_1_313' title='bbox 1252 3698 1304 3750; x_wconf 76' lang='lat' dir='ltr'>ed.</span> 
     </span>
     <span class='ocr_line' id='line_1_37' title="bbox 274 3770 1326 3844; baseline -0.006 -20"><span class='ocrx_word' id='word_1_314' title='bbox 274 3775 309 3825; x_wconf 81' lang='lat'>19</span> <span class='ocrx_word' id='word_1_315' title='bbox 331 3772 437 3838; x_wconf 75' lang='lat' dir='ltr'>infecta</span> <span class='ocrx_word' id='word_1_316' title='bbox 454 3771 480 3825; x_wconf 88' lang='lat' dir='ltr'>V</span> <span class='ocrx_word' id='word_1_317' title='bbox 503 3770 560 3825; x_wconf 83' lang='lat' dir='ltr'>ed:</span> <span class='ocrx_word' id='word_1_318' title='bbox 588 3772 622 3824; x_wconf 87' lang='lat' dir='ltr'>ut</span> <span class='ocrx_word' id='word_1_319' title='bbox 648 3770 781 3836; x_wconf 83' lang='lat' dir='ltr'>infectum</span> <span class='ocrx_word' id='word_1_320' title='bbox 806 3771 893 3828; x_wconf 81' lang='lat' dir='ltr'>scelus</span> <span class='ocrx_word' id='word_1_321' title='bbox 919 3770 1010 3844; x_wconf 75' lang='lat' dir='ltr'>Verg.</span> <span class='ocrx_word' id='word_1_322' title='bbox 1031 3777 1062 3841; x_wconf 60' lang='lat' dir='ltr'>b„</span> <span class='ocrx_word' id='word_1_323' title='bbox 1076 3777 1136 3826; x_wconf 63' lang='lat' dir='ltr'>‘liu</span> <span class='ocrx_word' id='word_1_324' title='bbox 1163 3770 1259 3834; x_wconf 58' lang='lat' dir='ltr'>dien„</span> <span class='ocrx_word' id='word_1_325' title='bbox 1278 3783 1326 3818; x_wconf 75' lang='lat' dir='ltr'>un</span> 
     </span>
     <span class='ocr_line' id='line_1_38' title="bbox 272 3842 745 3912; baseline 0.006 -15"><span class='ocrx_word' id='word_1_326' title='bbox 272 3844 377 3898; x_wconf 86' lang='lat' dir='ltr'>iniecta</span> <span class='ocrx_word' id='word_1_327' title='bbox 395 3842 599 3898; x_wconf 75' lang='lat' dir='ltr'>emendandum</span> <span class='ocrx_word' id='word_1_328' title='bbox 620 3844 652 3897; x_wconf 87' lang='lat' dir='ltr'>ut</span> <span class='ocrx_word' id='word_1_329' title='bbox 670 3846 695 3912; x_wconf 89' lang='grc'>8,</span> <span class='ocrx_word' id='word_1_330' title='bbox 706 3848 745 3900; x_wconf 80' lang='lat'>6?</span> 
     </span>
    </p>
   </div>
   <div class='ocr_carea' id='block_1_4' title="bbox 0 0 1576 4375">
    <p class='ocr_par' dir='ltr' id='par_1_4' title="bbox 0 0 1576 4375">
     <span class='ocr_line' id='line_1_39' title="bbox 0 0 1576 4375; baseline 0 3"><span class='ocrx_word' id='word_1_331' title='bbox 0 0 1576 4375; x_wconf 95' lang='lat' dir='ltr'> </span> 
     </span>
    </p>
   </div>
  </div>
 </body>
</html>
