3142 4375
667 466 896 523 musmosx
1226 470 1291 536 391

270 635 393 697 valebat
406 634 559 697 adsistere.
590 635 666 709 furit
678 634 796 696 Aeneas
809 638 953 711 ususque
968 640 1042 697 toust
1054 652 1099 697 se:
1122 637 1195 714 quid
1213 635 1293 696 enim

269 726 368 786 facere
390 726 540 802 potuisset
562 724 774 785 obsistentibus
794 726 889 785 tantis
907 727 968 785 nisi
990 726 1133 787 adversus
1155 725 1292 786 multitu·

270 813 350 876 dinis
372 816 436 874 vim
460 833 523 875 sese
542 813 720 893 contegere?
743 815 864 875 sinebat
880 817 995 891 tamen,
1019 816 1099 892 quod
1116 816 1238 892 plenam
1256 814 1292 873 de

268 905 357 964 tanto
371 904 457 964 hoste
475 902 633 964 victoriam
650 907 804 981 reportare
817 923 879 964 non
892 906 1021 981 poterat
1050 923 1086 965 oc
1103 905 1181 964 uelut
1198 906 1294 978 effusa

240 1008 252 1050 s
269 993 299 1053 si
311 993 429 1066 wando
441 993 588 1068 proudise
603 993 697 1052 utrubi
709 994 922 1067 praecipitant,
941 994 1036 1053 munis
1050 995 1163 1068 campis
1177 994 1294 1068 diffupit

270 1085 374 1142 arctor
395 1082 491 1141 cumis
514 1085 540 1141 ct
562 1082 692 1156 senocto
715 1086 741 1141 ct
762 1083 914 1142 tuttelstet
935 1087 998 1142 arte
1019 1084 1129 1142 esacr:
1152 1082 1352 1160 quemad-805

270 1169 406 1247 modum,
430 1189 499 1230 cum
518 1189 533 1228 e
552 1170 681 1231 nubibus
701 1171 856 1249 grandinis
875 1171 970 1231 nimbi
988 1172 1165 1246 funduntur,
1184 1172 1294 1231 cedunt

270 1258 384 1337 campis
406 1261 539 1319 aratores
563 1262 594 1319 et
617 1260 767 1339 agricolae
790 1263 822 1320 et
844 1263 949 1321 contra
976 1262 1121 1321 maiorem
1143 1260 1206 1321 vim
1229 1264 1294 1321 arte

269 1347 330 1410 sibi
346 1349 446 1409 viator
468 1349 608 1408 consulit
631 1349 706 1409 dicit
727 1350 791 1409 iam
814 1351 888 1410 artis
911 1351 1005 1427 ipsius
1023 1349 1217 1410 industriam:
1241 1354 1294 1409 out

224 1454 252 1496 ro
269 1439 369 1500 sumis
390 1439 479 1513 ripis,
501 1437 534 1497 in
552 1438 695 1498 lateribus
720 1439 831 1516 quippe
854 1440 988 1499 amnium
1010 1438 1204 1500 inveniuntur
1226 1439 1294 1499 loos

269 1546 348 1604 quae
370 1525 522 1587 hominem
542 1529 662 1605 tegant,
687 1531 741 1587 aut
769 1546 924 1588 exesorum
945 1530 1074 1588 laterum
1095 1529 1293 1605 receptaculis

269 1619 324 1677 aut
336 1616 390 1676 alti
401 1618 514 1690 fornice
526 1617 606 1692 saut,
624 1617 682 1676 hoc
696 1619 742 1676 est
755 1619 810 1677 aut
827 1617 957 1695 suffugio
976 1618 1057 1677 saxei
1074 1616 1196 1676 fornicis
1214 1616 1295 1676 vitat

270 1705 354 1783 quod
376 1706 466 1765 aliter
487 1725 548 1766 non
571 1709 672 1784 potest
694 1707 832 1766 tolerare.
868 1706 996 1766 fornices
1019 1706 1161 1766 dicuntur
1188 1725 1293 1765 curva·

269 1795 358 1854 turae
377 1814 453 1871 quae
477 1798 530 1855 aut
552 1814 638 1855 arcus
662 1798 718 1854 aut
736 1814 868 1855 cameras
883 1795 1011 1871 faciunt,
1034 1797 1097 1855 sive
1120 1796 1182 1856 sint
1204 1796 1292 1854 natu·

224 1898 251 1941 rs
269 1884 350 1944 rales
373 1884 436 1944 sive
458 1884 614 1944 hominum
638 1904 729 1944 manu
751 1885 910 1962 perfectae.
942 1886 1014 1944 dcun
1030 1884 1123 1959 pluit,
1151 1886 1185 1943 tn
1207 1885 1293 1943 terris

269 1977 304 2032 ut
315 1974 413 2047 possit
434 1973 494 2033 sole
514 1974 632 2033 redrcoto
655 1990 785 2034 crecere
807 1975 898 2034 dum:
920 1975 1000 2033 hunc
1017 1975 1117 2033 locum
1139 1992 1207 2033 cum
1224 1992 1293 2050 pro·

270 2062 459 2146 nuntiamus,
481 2061 524 2121 ibi
546 2080 663 2122 moram
681 2063 779 2146 facere
797 2062 937 2123 debemus
956 2063 1011 2123 ubi
1028 2063 1105 2123 dixit
1123 2062 1195 2122 dum
1212 2063 1294 2140 pluit

270 2154 302 2212 et
325 2153 367 2211 sie
390 2150 498 2211 addere
516 2152 546 2212 in
565 2152 653 2213 terris
672 2153 707 2211 ut
724 2154 822 2229 possit
839 2154 901 2214 sole
915 2152 1037 2214 reducto
1057 2170 1191 2214 exercere
1205 2152 1293 2228 diem,

269 2243 306 2301 ut
318 2241 449 2300 rusticus
463 2241 512 2301 vel
520 2245 620 2303 viator
632 2241 752 2320 fugiens
767 2242 944 2321 grandinem
957 2244 1077 2303 tamdiu
1088 2262 1119 2303 se
1130 2242 1294 2303 abscondat

224 2345 252 2387 ro
271 2329 416 2408 quamdiu
439 2330 530 2406 pluit,
553 2330 677 2390 reducto
700 2350 771 2391 vero
795 2332 857 2392 sole
876 2335 963 2392 exeat
986 2333 1022 2392 de
1044 2331 1189 2393 lateribus
1209 2333 1239 2391 et
1261 2332 1294 2394 in

269 2419 359 2479 terris
383 2423 517 2479 exerceat
539 2419 631 2494 diem,
655 2420 770 2481 scilicet
792 2423 827 2480 ut
846 2424 985 2497 operetur
1001 2424 1131 2481 rusticus
1146 2424 1176 2480 et
1194 2421 1294 2481 viator

269 2508 421 2585 reliquum
449 2508 565 2569 itineris
593 2507 789 2587 adgrediatur
816 2529 851 2569 ac
878 2513 1004 2587 repetat
1037 2513 1168 2570 ceterum
1194 2511 1221 2570 si
1248 2510 1294 2568 ita

269 2599 511 2675 pronuntiemus,
533 2601 568 2658 ut
590 2598 670 2674 pluit
691 2599 725 2656 in
745 2600 834 2659 tonis
852 2599 979 2659 velimus
1003 2618 1079 2671 esse,
1101 2600 1153 2658 fiet
1175 2599 1294 2672 vitium,

270 2705 331 2746 non
353 2689 474 2763 poetae,
497 2687 549 2747 sed
571 2687 649 2746 male
673 2689 915 2764 pronuntiantis3
937 2689 1017 2765 pluit
1041 2689 1119 2746 enim
1141 2690 1175 2746 in
1197 2690 1293 2747 terras

224 2790 251 2831 ss
271 2775 410 2851 dicimus,
428 2795 488 2835 non
501 2775 582 2852 pluit
593 2776 627 2835 in
639 2778 738 2837 terris.
765 2778 809 2836 sic
822 2778 943 2836 obrutus
956 2777 1085 2850 auduus
1098 2776 1162 2836 telis
1174 2775 1293 2836 Aeneas

269 2866 377 2924 nubem
400 2865 479 2933 belli,
498 2865 569 2924 dum
592 2865 704 2924 debuct
726 2867 834 2935 muru,
857 2866 981 2925 sustinet
1002 2869 1029 2924 et
1045 2865 1183 2924 Lausum
1200 2866 1353 2931 tuere-810

264 2954 347 3028 pltat
358 2953 517 3026 Lausoque
529 2954 677 3014 minatur:
700 2955 756 3030 sic,
773 2954 887 3032 iuquit,
906 2973 937 3015 se
951 2955 1067 3014 Aeneas
1082 2954 1222 3013 tuebatur
1241 2954 1292 3012 ad-

270 3060 373 3103 versus
400 3042 510 3102 nubem
532 3042 622 3119 belli3
650 3045 723 3120 quia
748 3043 782 3102 in
809 3044 955 3122 parabola
982 3042 1158 3122 grandinem
1188 3043 1294 3102 inferri

269 3131 385 3209 posuit,
413 3151 489 3208 quae
516 3150 577 3191 non
606 3131 709 3192 existit
730 3131 790 3193 nisi
813 3134 974 3193 contractis
997 3131 1131 3208 undique
1154 3130 1294 3206 nubibus,

225 3235 252 3277 so
269 3220 380 3281 idcirco
404 3221 508 3281 eadem
527 3223 557 3280 et
575 3220 685 3280 nubem
702 3221 775 3281 belli
798 3222 875 3282 dixit
897 3225 927 3282 et
952 3222 1082 3282 detonet.
1112 3223 1142 3280 et
1160 3220 1293 3280 Lausum

343 3359 359 3407 2
378 3355 567 3411 obsistentibus
580 3352 701 3411 toutisV
714 3361 752 3410 tot
765 3355 950 3410 obsidentibus
963 3356 1007 3411 ed.
1058 3361 1075 3410 6
1089 3355 1226 3425 opriootoc
1235 3354 1269 3409 V.
1286 3355 1290 3428 Ι

271 3432 296 3482 et
318 3431 381 3481 tutu
399 3423 424 3479 V
447 3432 508 3483 tuta
529 3426 631 3481 omisso
651 3433 676 3482 ct
694 3426 751 3480 ed:
778 3427 942 3482 et-oiutor
967 3427 1005 3480 ad
1029 3426 1293 3495 interpretationem

269 3497 358 3552 traxit
376 3496 516 3552 librarius.
590 3503 606 3551 9
625 3499 746 3553 consulet
758 3496 792 3550 V.
861 3503 895 3551 12
913 3498 1010 3568 suscepi
1022 3497 1049 3551 V
1067 3514 1136 3552 corr.
1156 3498 1199 3552 ed.
1219 3499 1292 3566 post.

271 3573 304 3624 15
328 3569 437 3637 cupluit
454 3567 488 3635 V,
511 3570 562 3623 sed
583 3569 613 3623 in
630 3569 747 3638 interpr.
766 3569 833 3623 dum
847 3569 929 3637 pluit.
1009 3574 1042 3623 16
1064 3572 1172 3639 possint
1192 3568 1218 3622 V
1239 3569 1292 3635 ed,

270 3640 321 3694 sed
345 3639 376 3693 in
402 3640 517 3710 interpr.
540 3642 636 3710 possit.
717 3645 751 3693 23
773 3641 990 3710 procumbamus
1015 3640 1058 3695 ed.
1089 3641 1093 3712 t
1122 3641 1239 3695 celemus
1259 3640 1292 3694 V.

270 3717 304 3766 25
324 3712 457 3780 obruptus
473 3709 506 3765 V.
579 3718 614 3766 26
633 3728 666 3767 oo
679 3711 705 3764 V
720 3712 772 3780 ed,
793 3711 843 3765 sed
860 3711 977 3780 interpr.
997 3717 1022 3768 et
1039 3711 1127 3767 habet
1144 3713 1178 3766 ut
1197 3728 1293 3766 omnes

269 3782 448 3922 Verg.)lil()1ri.
521 3788 555 3838 28
578 3784 657 3851 iufra
674 3782 701 3836 V
719 3783 762 3838 ed.
789 3783 890 3850 inferri
914 3799 973 3838 nos.
1047 3787 1081 3837 80
1105 3782 1173 3839 etV
1194 3799 1228 3838 ac
1250 3784 1293 3853 (ut

269 3869 355 3923 supra
385 3869 428 3908 e.
