3142 4375
640 470 881 526 musmosxs
1202 471 1269 539 489

250 639 382 712 hibetur¹
411 641 446 697 ut
475 640 573 698 virum
600 639 710 698 fortem
737 658 755 698 a
782 639 914 715 scapulis
941 641 1093 716 contegat
1108 656 1202 715 usque
1231 638 1270 698 ad

250 730 363 789 verbis
386 727 526 787 ultimam
549 730 673 805 partem.
720 744 846 804 squama
869 730 915 787 est
937 746 1015 803 quae
1042 730 1179 788 carrsnte
1201 728 1269 788 sub

249 817 361 877 tilitate
385 818 459 876 artis
483 817 526 877 sic
544 818 735 893 componitur,
758 819 793 875 at
813 816 960 892 serpentis
982 818 1116 877 imitetur
1138 816 1269 877 exuvias.

249 924 392 981 surasque
409 907 569 965 incluserat
585 924 673 975 arro,
693 910 823 981 teutpera
840 906 940 964 nudus
958 906 1068 965 adbuc:
1089 908 1159 983 post
1171 908 1269 965 muni-

218 998 350 1055 smenta
381 997 492 1073 quippe
524 994 618 1055 totius
648 994 780 1071 eorporis
810 994 965 1054 inducitur
991 996 1087 1073 galea.
1132 999 1269 1072 tempora

249 1085 346 1144 nudus
377 1103 470 1163 genus
501 1102 564 1143 esse
595 1083 757 1144 locutionis
792 1084 939 1151 similibus
968 1084 1041 1144 locis
1076 1084 1269 1145 ostendimus.

249 1175 388 1247 laterique
416 1174 591 1232 accinxerat
611 1190 722 1232 ensenr:
751 1173 881 1249 sumpsit
910 1173 973 1233 alia
1002 1172 1109 1249 quibas
1139 1176 1270 1233 muniret

249 1282 357 1339 corpus
385 1280 485 1336 suum,
513 1280 625 1322 ensem¹
640 1282 710 1322 vero
741 1282 800 1339 quo
827 1263 988 1339 perimeret
1015 1262 1152 1323 inimicos
1166 1263 1270 1323 >lateri

249 1371 302 1410 suo
322 1354 391 1427 apte
410 1350 573 1426 suspendit.
602 1352 787 1426 fntqebntqne
805 1352 868 1412 atta
885 1352 1042 1411 decurrens
1060 1370 1170 1412 aurens
1187 1362 1330 1413 arcessito

204 1456 232 1495 io
249 1440 368 1500 veniens
393 1440 430 1499 ab
454 1458 521 1499 arce
538 1443 622 1500 totus
640 1458 750 1501 aureus
768 1441 950 1517 apparebat
977 1442 1141 1516 exultatque
1159 1443 1269 1501 animis

249 1535 276 1587 et
291 1547 342 1602 spe
359 1530 421 1587 tarn
434 1529 581 1604 praectptt
597 1530 719 1589 nostem:
737 1529 779 1590 sic
794 1531 903 1590 animis
922 1530 1086 1604 exultabat,
1101 1532 1137 1589 ut
1151 1530 1269 1589 hostem

248 1619 309 1676 iam
342 1636 373 1677 se
405 1636 560 1695 superasse
593 1619 761 1679 confideret.
806 1618 940 1679 mittitur
970 1618 1159 1696 conparatio,
1190 1637 1268 1695 quae

249 1706 381 1765 carmina
394 1709 561 1768 'consuevit
583 1728 701 1769 ornare:
731 1709 829 1782 qnatts
854 1710 907 1768 nbi
929 1709 1064 1782 abruptis
1084 1709 1162 1782 fnqr't
1179 1725 1268 1782 prae·

247 1797 329 1868 sepia
352 1798 457 1857 uinctis
480 1798 598 1857 tandem
616 1798 688 1857 tiber
706 1815 797 1871 eann
818 1796 995 1873 [campoque
1006 1798 1119 1871 potitus
1141 1795 1269 1873 apertoJ:

203 1898 230 1939 io
248 1888 404 1963 praesepia
419 1886 539 1964 quidem
556 1889 680 1964 propter
697 1888 872 1947 alimoniam
886 1889 974 1966 grata
992 1889 1063 1946 sunt
1076 1886 1268 1961 animalibus,

248 1974 300 2034 sed
318 1975 463 2035 diuturna
480 1977 608 2035 retentio
626 1976 815 2037 vinculorum
831 1976 894 2035 illis
916 1975 1076 2036 admodum
1094 1976 1194 2055 gravis
1213 1978 1267 2035 est.

247 2064 371 2139 proinde
384 2066 551 2141 'praesepia
573 2065 745 2143 fugiuntur,
765 2084 840 2124 'cum
863 2068 933 2143 post
960 2065 1112 2125 exclusam
1136 2064 1267 2124 inediam

248 2154 428 2214 desiderium
450 2153 597 2214 libertatis
621 2155 749 2230 accedit,¹
776 2157 813 2214 ut
833 2156 976 2233 pensetur
997 2154 1175 2215 luxuriando
1193 2172 1266 2232 ,cap-

247 2245 352 2304 tivitas
372 2248 403 2304 et
415 2244 512 2321 ruptis
526 2244 654 2304 vinculis
668 2244 839 2304 taediorum
851 2263 944 2304 nexus
957 2244 1088 2322 nodiqae
1101 2245 1266 2305 solvantur.

202 2349 230 2388 so
248 2338 300 2392 ant
316 2335 365 2392 cece
382 2336 416 2392 tn
430 2334 549 2408 pastus,
572 2334 629 2393 hoc
647 2334 743 2393 estin
760 2335 851 2411 prata
868 2335 916 2394 vel
934 2352 1061 2411 pascua,
1078 2338 1268 2407 amentaque

247 2423 337 2480 tendit
359 2440 515 2495 equarum:
544 2425 599 2480 aut
625 2423 737 2483 ventris
766 2426 820 2483 aut
841 2422 975 2483 libidinis
998 2442 1090 2483 causa
1118 2427 1267 2499 raptatur.

247 2516 300 2569 aut
317 2512 457 2571 adsuetus
475 2529 569 2585 aquae
584 2513 728 2587 perfundi
741 2513 862 2584 rtnnine
879 2517 961 2572 neto:
979 2515 1033 2572 aut
1050 2515 1128 2571 certe
1142 2513 1267 2572 festinat
1276 2519 1328 2568 49⁶

247 2601 286 2658 ad
308 2600 434 2676 flumen,
457 2602 544 2661 cuius
567 2621 647 2678 aqua
669 2601 768 2661 lavari
789 2603 953 2661 consuevit
989 2604 1107 2660 erntcat:
1131 2602 1196 2677 ipse
1219 2620 1266 2660 ex·

246 2690 332 2764 ponit
361 2683 435 2765 quid
464 2691 505 2749 sit
534 2690 656 2750 emicat:
690 2692 867 2763 arrectisque
893 2690 993 2762 fremit
1021 2691 1181 2750 enotatas
1210 2691 1267 2749 alte

201 2797 229 2838 rs
247 2779 403 2838 bnnnre'ans
431 2779 590 2852 luduntque
616 2780 704 2838 tntae
726 2796 783 2853 per
805 2779 891 2848 cotta,
911 2796 968 2852 quer
989 2797 1103 2839 annos:
1124 2778 1181 2838 hoc
1202 2783 1267 2839 erat

247 2867 386 2943 emicare,
404 2869 521 2944 placere
540 2867 599 2928 sibi
618 2869 700 2928 omni
717 2871 804 2945 parto
821 2867 1035 2943 membrorum,
1053 2868 1124 2927 dum
1143 2869 1266 2927 arrectis

247 2958 410 3017 cervicibus
433 2977 465 3017 se
487 2956 518 3016 in
543 2958 641 3017 altum
663 2957 778 3035 erigitr
794 2957 866 3016 dum
888 2975 941 3033 per
963 2957 1041 3016 colla
1066 2958 1131 3016 eius
1153 2976 1266 3034 perque

247 3066 344 3106 armos
367 3047 503 3105 ludentes
527 3065 628 3122 comae
651 3047 833 3106 funduntur:
855 3047 912 3105 hoe
935 3045 972 3105 ad
997 3063 1116 3122 corpus,
1141 3045 1181 3105 ad
1203 3046 1266 3105 ani·

246 3156 328 3194 mum
355 3155 425 3195 vero
453 3137 555 3195 fremit
582 3138 613 3195 et
639 3135 809 3195 luxuriatur
831 3134 969 3212 pertinet.
1015 3136 1102 3195 obuia
1124 3136 1172 3194 eut
1200 3135 1266 3195 Vol-

318 3364 334 3411 2
353 3358 515 3414 crrrrenteV
531 3360 574 3413 ed.
593 3375 629 3413 ne
648 3361 809 3428 suspectum
822 3358 953 3412 videatur
967 3358 1001 3412 cf.
1017 3363 1114 3423 2,*165.
1166 3363 1182 3412 5
1200 3364 1265 3413 tenu

242 3445 309 3497 pore
336 3430 376 3497 (in
403 3430 536 3484 lemmate
563 3433 695 3498 tempora)
718 3429 752 3483 V.
833 3436 866 3483 12
891 3430 1011 3484 mittitur
1030 3429 1056 3483 V
1080 3429 1197 3484 additur
1220 3429 1264 3483 ed.
1341 3430 1343 3436 '

248 3506 280 3552 14
299 3508 588 3570 campoque-apere
607 3501 687 3555 deest
704 3500 782 3565 inV,
801 3501 852 3554 sed
870 3500 1034 3569 explicatur.
1062 3501 1066 3573 l
1091 3502 1201 3570 potitur
1221 3500 1264 3554 ed.

248 3577 280 3624 16
298 3574 412 3627 retentio
426 3572 452 3626 V
469 3574 617 3628 retinentia
635 3573 679 3626 ed.
756 3577 790 3626 1⁸1
812 3572 927 3642 fnqirnrt
948 3571 992 3625 ed.
1070 3577 1104 3625 20
1126 3578 1266 3626 armenta·

246 3659 478 3712 qne-eqnarnm
500 3646 565 3714 post
583 3651 684 3712 pastres
704 3643 769 3697 add.
788 3643 842 3710 ed.‚
860 3642 910 3698 sed
928 3642 1027 3697 eadem
1043 3642 1130 3698 verba
1147 3643 1273 3694 inierim

246 3731 296 3782 pro
317 3714 449 3769 lemmate
468 3715 616 3770 scribenda
634 3718 722 3770 erant.
752 3715 758 3789 l
786 3721 874 3786 prata
894 3714 939 3770 uel
962 3731 1022 3768 om.
1038 3713 1089 3766 sd.
1159 3715 1206 3760 ‘ru
1224 3721 1295 3770 ‹per-

240 3786 340 3849 fundr't
366 3785 395 3840 V.
478 3793 513 3842 23
541 3788 638 3844 tavare
665 3787 700 3845 V.
736 3787 742 3863 l
777 3790 883 3847 emant
911 3787 956 3842 ad
982 3781 1169 3839 anteum
1193 3774 1322 3822 bamma

235 3856 382 3922 transponi
398 3858 498 3914 malim
516 3864 642 3933 propter
661 3863 795 3933 festinant.
