3142 4375
663 437 917 493 munmosxu
1234 440 1298 506 591

280 607 449 679 nunqnam:
467 626 560 685 prope
575 607 680 665 aderat
697 610 733 665 ut
746 607 913 683 inpleretur
925 606 1048 665 Iunonis
1063 605 1191 685 dictum3
1210 624 1301 683 supra

280 696 359 755 euim
382 695 427 756 ait
449 689 544 777 (153)
568 696 692 771 „forsan
714 696 838 755 miseros
861 696 987 754 meliora
1010 693 1203 772 sequentur“.
1235 714 1300 755 ecee

278 784 435 845 interierat
456 784 586 861 Aeneas,
610 804 670 844 non
698 784 866 861 cuiuspiam
893 784 1018 859 virtute,
1042 784 1093 844 sed
1117 804 1201 862 caan3
1229 804 1301 844 nam

280 876 350 934 dum
378 893 397 933 a
424 876 585 934 certamine
612 876 734 934 revocat
760 892 844 947 suos,
874 874 946 932 dum
972 872 1053 933 nudo
1084 876 1182 951 capite
1209 876 1299 950 atque

247 964 385 1023 einermi
413 964 520 1023 dextra
544 964 692 1040 loquitur,
720 962 869 1023 incertum
895 962 980 1023 cuins
1008 964 1146 1038 captatus
1173 963 1301 1038 insidiis,

278 1054 392 1132 sagitta
417 1071 575 1129 percussus
603 1055 661 1128 est,
690 1053 779 1112 huius
807 1054 909 1112 autem
937 1053 1032 1111 latere
1059 1055 1165 1112 auctor
1191 1052 1302 1112 maluit

279 1161 370 1220 quam
393 1161 457 1201 sese
480 1143 516 1201 de
538 1143 617 1201 tanti
638 1142 737 1202 herois
760 1140 885 1202 adverso
907 1142 1029 1201 iactare.

350 1232 472 1291 annns
493 1236 527 1291 nt
543 1229 668 1291 Aenean
693 1232 836 1290 cedentem
863 1248 897 1289 ee
924 1232 1040 1305 agmine
1062 1231 1136 1290 cidit
1157 1234 1361 1292 turbatos-325

278 1338 332 1393 qne
355 1321 459 1381 dnees:
487 1320 565 1381 vidit
587 1339 645 1379 non
670 1321 761 1379 semel
789 1319 994 1396 accipiendum
1017 1322 1076 1395 est,
1102 1322 1138 1379 ut
1160 1322 1202 1380 sit
1223 1320 1301 1380 vidit

232 1425 259 1465 ιο
277 1409 401 1469 Aenean
424 1409 590 1485 cedentem,
613 1409 691 1469 vidit
711 1409 849 1469 turbatos
873 1409 970 1468 duces.
1010 1409 1209 1485 conpendiosa
1231 1429 1299 1468 nar·

277 1499 370 1573 ratio,
392 1498 425 1557 in
448 1518 509 1575 qua
532 1500 623 1559 etiam
645 1518 705 1559 non
726 1498 809 1557 dicta
826 1500 949 1575 possent
965 1497 1115 1577 intellegi3
1137 1516 1197 1556 non
1221 1498 1300 1557 enim

277 1587 437 1664 descripsit
454 1589 577 1647 Aenean
600 1587 754 1647 cedentem
777 1608 813 1646 ex
831 1587 950 1665 agmine
973 1591 1027 1647 aut
1045 1588 1133 1648 duces
1151 1586 1299 1662 turbatos,

276 1676 329 1736 sed
353 1678 440 1754 quasi
462 1678 524 1735 iam
547 1677 683 1751 dixisset,
706 1677 750 1737 sio
768 1676 905 1735 Turnum
927 1675 1061 1736 adseruit
1082 1678 1157 1736 haec
1179 1676 1299 1736 vidisse.

276 1767 376 1825 snbito
398 1783 449 1839 spe
470 1765 604 1839 teroidsns
627 1766 722 1834 ardet,
748 1766 845 1839 poscit
871 1783 957 1840 eones
980 1770 1065 1839 otone
1088 1784 1175 1825 anno
1196 1766 1299 1824 sinet:

231 1870 258 1912 re
276 1855 366 1915 huius
385 1854 459 1913 mali
477 1854 631 1914 occasione
646 1855 766 1915 Turnus
786 1857 907 1931 arrepta
925 1854 1028 1914 ardere
1048 1856 1159 1931 coepit,
1180 1857 1216 1913 ut
1234 1855 1298 1915 vul-

275 1946 382 2003 nerato
404 1945 558 2005 insisteret
581 1945 635 2019 qui
657 1943 798 2023 congredi
821 1947 890 2003 ante
913 1962 974 2003 non
996 1944 1134 2004 audebat.
1179 1961 1299 2020 poscere

275 2033 371 2112 igitur
388 2052 480 2109 equos
500 2035 599 2110 coepit
617 2036 708 2111 atque
727 2052 812 2092 arma
829 2036 860 2092 et
878 2033 1079 2092 exultantium
1095 2053 1191 2105 more,
1211 2035 1299 2110 quasi

275 2124 413 2200 superior
445 2125 523 2183 esset
554 2124 688 2199 effectus,
725 2122 938 2202 gratulabatur
964 2122 1000 2181 de
1032 2123 1127 2182 hostis
1159 2121 1298 2181 adverso:

275 2210 427 2288 [sottnqne
449 2212 611 2288 snperbns]
633 2214 735 2272 nnicot
757 2214 790 2271 in
813 2230 933 2272 enrrinn
960 2216 986 2271 et
1014 2214 1153 2272 monibus
1180 2213 1299 2271 notitia

230 2319 257 2361 ao
275 2303 414 2361 iubenes.
447 2303 556 2362 emicat
576 2302 609 2360 in
632 2321 764 2377 cunum,
791 2303 848 2361 hoc
871 2304 917 2362 eat
939 2302 1011 2360 dum
1033 2321 1065 2361 ae
1087 2303 1195 2377 iactat,
1217 2304 1299 2362 tran·

276 2392 391 2450 scendit
412 2390 445 2449 in
469 2410 588 2450 currum
610 2391 765 2450 luxurians
790 2394 820 2450 et
837 2391 969 2450 habenas
988 2409 1133 2468 equorum
1151 2394 1297 2468 tempera·

275 2480 330 2539 bat
355 2480 494 2539 manibus
526 2480 587 2540 suis
617 2481 755 2557 suscepto
784 2481 907 2541 rectoris
938 2480 1044 2539 officio.
1080 2480 1175 2539 mnlto
1201 2481 1299 2538 oirnm

274 2569 402 2629 volitans
427 2570 479 2628 dot
499 2570 591 2642 fortio
613 2586 736 2642 corporo
754 2570 821 2638 teto,
844 2570 999 2628 semineces
1017 2570 1106 2627 ooloit
1121 2570 1228 2627 innitos
1246 2573 1299 2627 ont

275 2659 397 2732 opmino
419 2677 510 2718 enirn
523 2659 647 2733 proterit
668 2662 721 2717 ont
739 2661 845 2731 reptos
862 2659 1042 2732 sapientibus
1059 2659 1165 2732 ingerit
1181 2659 1359 2716 beneseto

229 2763 256 2805 es
274 2748 437 2807 aestimans
455 2748 575 2807 Turnus
594 2747 679 2806 letali
696 2747 820 2807 vulnere
833 2746 957 2807 Aenean
976 2766 1039 2806 esse
1056 2765 1230 2823 percussum
1251 2748 1296 2804 in·

274 2838 359 2913 genti
381 2837 501 2896 laetitia
523 2836 688 2911 ferebatur,
715 2855 812 2912 usque
835 2836 910 2895 adeo
932 2839 968 2895 ut
989 2837 1022 2894 in
1045 2835 1173 2895 aliorum
1195 2855 1297 2895 necem

273 2926 336 2985 iam
358 2926 416 2984 iret
439 2926 526 3001 quasi
544 2927 580 2985 de
603 2927 738 2986 confecto
756 2927 874 3002 potiore
892 2944 1025 2984 securus:
1048 2926 1160 2985 multos
1181 2925 1297 2984 interea

273 3014 361 3074 fortis
380 3014 460 3074 viros
479 3017 641 3091 straverat,
658 3015 771 3075 multos
791 3014 962 3074 dimittebat
978 3015 1147 3089 semineces,
1165 3017 1297 3091 protere·

273 3104 328 3163 bat
351 3104 426 3163 alios
450 3122 552 3178 curru,
583 3123 727 3181 equorum
754 3104 870 3164 seilicet
891 3102 1017 3181 pedibus
1041 3106 1072 3162 et
1093 3107 1228 3163 rotarum
1250 3103 1295 3162 in·

223 3210 253 3252 ao
272 3193 377 3270 pulsu,
400 3194 566 3269 nonnullis,
590 3213 656 3252 cum
675 3194 826 3271 fugerent,
849 3195 951 3253 hastas
974 3192 1143 3270 ingerebat:
1168 3212 1207 3251 an
1226 3212 1295 3252 suas

272 3284 377 3359 raptas
396 3283 498 3342 hastas
515 3283 673 3361 ingesserit
690 3281 841 3359 hostibus,
865 3303 903 3343 an
921 3281 1057 3342 hostibus
1079 3285 1182 3359 raptas
1200 3283 1233 3341 id
1251 3285 1296 3341 est

345 3476 360 3523 2
380 3471 496 3537 torenna
509 3469 543 3526 V.
599 3476 614 3524 3
633 3472 777 3526 interierat
790 3470 817 3523 V
834 3472 964 3527 intererat
985 3470 1039 3524 edI
1056 3472 1127 3524 ictns
1145 3476 1204 3524 erat
1223 3469 1293 3523 edF.

273 3547 306 3596 11
324 3549 441 3611 possunt
458 3541 502 3597 ed.
576 3547 609 3596 14
627 3543 733 3597 subitus
747 3542 923 3610 potenteis
935 3541 968 3595 V.
1044 3547 1077 3595 15
1096 3542 1171 3595 mata
1185 3540 1211 3594 V
1225 3557 1293 3595 corr.

271 3613 355 3752 iit
379 3612 585 3740 stetini
600 3612 792 3741 indidisti
805 3686 857 3739 a
870 3614 1047 3752 distiti?
1065 3612 1295 3752 stettein?

270 3756 458 3825 matiinepte
477 3756 601 3810 added
673 3762 708 3809 24
726 3772 779 3823 rap
797 3772 848 3824 pro
866 3762 964 3824 raptae
978 3754 1011 3808 V
1081 3756 1295 3855 nemetinensis

272 3828 318 3882 ed
392 3826 753 3884 31inbostibnaVonb.
773 3842 842 3881 corr.
863 3827 905 3881 ed.
