3142 4375
648 500 832 556 AENEIDOS
846 501 912 557 VIII
1228 502 1292 568 149

274 673 343 730 tans
365 674 396 730 et
417 671 581 731 maximum
602 670 748 746 pudorem
765 670 929 744 sustinens,
949 668 1030 745 quod
1047 668 1189 728 iniuriam
1207 687 1293 729 suam

274 761 386 820 latente
410 764 531 820 auctore
553 760 706 820 vindicare
729 778 791 818 non
813 761 941 836 poterat.
990 760 1087 817 stabat
1109 763 1197 817 acuto
1219 758 1293 817 sileo

268 850 414 923 procacis
435 850 565 921 undique
586 850 669 908 sacis
686 849 843 922 speluncae
860 848 946 907 dorso
963 848 1127 921 ioscroeos,
1146 848 1293 907 altissimo

272 940 351 1008 oisc,
376 938 512 997 dirorum
534 939 614 997 nidis
637 938 741 996 domus
763 942 928 1012 opportuno
947 937 1112 995 uolucrum:
1134 937 1293 996 tractantis
1301 946 1354 995 235

242 1042 254 1083 o
273 1026 367 1087 oculis
390 1028 551 1103 animoque
575 1028 649 1086 satis
673 1027 774 1087 astuto
793 1026 916 1104 grandis
936 1028 967 1085 et
984 1026 1151 1085 inmensum
1170 1025 1292 1085 diducta

272 1119 443 1176 occurrerat
465 1116 552 1191 silex,
576 1116 618 1175 sic
641 1116 771 1175 laterum
793 1115 959 1176 abscisione
981 1115 1113 1190 munita,
1140 1117 1176 1174 ut
1202 1116 1235 1174 in
1258 1134 1292 1174 ea

271 1206 345 1266 diris
364 1206 470 1265 auibus
489 1207 519 1264 et
537 1205 742 1265 commanendi
759 1205 890 1264 facultas
904 1208 935 1264 et
948 1206 1091 1265 securitas
1105 1204 1166 1263 fidu
1180 1204 1291 1264 fetibus

271 1295 433 1355 educandis
461 1313 521 1353 non
548 1294 671 1353 deesset.
717 1292 797 1353 duas
826 1294 890 1353 avis
918 1313 1077 1371 possumus
1106 1294 1215 1353 sentire
1243 1312 1291 1353 eas

272 1404 349 1461 quae
379 1382 574 1443 cadaveribus
605 1383 738 1457 alantur,
766 1385 802 1442 ut
833 1385 905 1442 sunt
935 1383 1070 1443 vultures
1102 1385 1132 1442 et
1164 1384 1292 1443 aliorum

226 1488 253 1528 ro
271 1493 414 1551 generum
447 1491 524 1548 quae
556 1490 644 1531 carne
674 1474 845 1548 pascantur.
899 1472 989 1540 bono,
1025 1476 1059 1530 aot
1092 1490 1188 1545 prono
1223 1474 1291 1548 icoo

271 1563 388 1621 toccum
410 1562 594 1620 icoambebot
615 1561 656 1620 ool
678 1577 807 1631 omnem,
831 1561 929 1619 deuter
951 1563 984 1619 io
1012 1561 1169 1620 odoerswm
1195 1562 1291 1619 nitens

272 1650 416 1708 concussit
437 1654 464 1708 ct
485 1650 554 1709 lma
576 1650 713 1709 cocleam
734 1650 821 1709 soloci
842 1650 1007 1719 rodicibaS,
1026 1650 1096 1708 iacto
1112 1654 1227 1722 repente
1245 1651 1290 1708 io-

266 1738 354 1811 polit,
377 1739 499 1812 Inpulsu
522 1756 577 1811 qao
594 1739 742 1799 ammas
759 1740 875 1798 intonat
893 1740 1002 1808 ootber,
1027 1739 1185 1797 dissultant
1207 1738 1291 1811 ripae
1300 1747 1353 1796 240

269 1828 422 1901 refluitque
445 1829 597 1887 exteratur
619 1829 732 1887 omnis:
754 1828 786 1887 in
808 1829 865 1887 hoo
888 1828 968 1887 facto
991 1846 1051 1886 non
1073 1830 1193 1887 tantum
1214 1827 1290 1886 Her-

226 1931 251 1972 io
270 1917 346 1975 culis
369 1918 514 1976 virtutem
530 1935 634 1977 varum
657 1916 749 1975 etiam
766 1917 959 1994 prudentiam
976 1917 1090 1976 laudat.
1122 1916 1290 1992 suspicione

269 2006 348 2065 anim
380 2026 416 2064 ex
448 2006 541 2065 animi
573 2007 675 2084 vigore
708 2006 834 2065 collecta
866 2008 967 2083 potuit
999 2006 1169 2065 existimare
1203 2005 1290 2063 illam

269 2094 383 2155 silicem
411 2097 564 2172 postrema
594 2096 752 2172 speluncae
782 2098 938 2173 contegere
968 2097 1059 2170 atque
1088 2095 1145 2153 hac
1173 2097 1290 2154 remota

267 2205 354 2263 posse
383 2185 463 2262 quod
491 2187 626 2245 clausum
653 2187 752 2244 fuerat
778 2185 914 2246 reserari.
960 2185 1021 2244 fuit
1042 2183 1137 2263 igitur
1160 2203 1178 2244 a
1201 2185 1288 2245 dorso

268 2276 426 2352 speluncae
451 2275 564 2335 devexa
587 2275 662 2334 silex
684 2276 717 2333 in
735 2272 890 2334 sinistram
907 2274 1039 2334 fluminis
1057 2277 1189 2350 partem,
1212 2293 1288 2350 quae

223 2378 250 2416 uo
268 2365 378 2424 montis
396 2364 547 2424 radicibus
566 2363 743 2423 inhaerebat
761 2367 801 2440 at,
820 2366 891 2441 quia
909 2366 957 2423 tot
975 2364 1111 2438 saeculis,
1130 2383 1197 2422 cum
1212 2365 1289 2423 esset

268 2471 376 2528 prona,
404 2472 464 2512 non
492 2452 613 2527 cecidit,
638 2453 813 2530 inpellendo
842 2473 902 2512 non
930 2453 1002 2529 fuit,
1032 2456 1067 2512 ut
1094 2453 1148 2512 alii
1170 2454 1288 2529 putant,

268 2541 320 2600 sed
341 2541 523 2617 revocanda,
545 2545 581 2601 ut
602 2543 711 2602 laxatis
735 2543 860 2602 nexibus
884 2543 960 2602 solvi
978 2545 1079 2618 posset
1102 2563 1120 2602 a
1139 2543 1288 2602 consortio

267 2631 377 2689 montis
402 2630 523 2689 atinde
545 2631 668 2708 inpulsa
691 2631 893 2708 praecipitari.
929 2633 1033 2708 itaque
1051 2651 1120 2690 cum
1137 2632 1169 2689 in
1188 2631 1288 2690 sinist·

267 2738 333 2778 ram
355 2722 472 2794 partem
494 2719 691 2795 incumberet,
714 2721 838 2780 reducta
861 2720 960 2780 estin
984 2722 1142 2780 adversum
1164 2721 1220 2778 hoc
1243 2721 1289 2779 est

222 2822 248 2862 ao
268 2808 435 2884 dexterum3
464 2808 623 2868 adversum
651 2809 730 2869 enim
758 2811 804 2869 est
825 2810 1011 2869 incumbenti
1034 2811 1114 2886 quod
1138 2810 1212 2883 stat,
1236 2809 1288 2868 ad·

266 2915 387 2957 versum
415 2916 532 2973 quoque
560 2898 681 2958 sinistro
710 2900 756 2958 est
786 2899 938 2958 dexterum
963 2902 993 2958 et
1014 2900 1134 2957 laevum
1158 2899 1288 2973 dextero,

265 2990 301 3045 ut
324 2986 392 3045 albo
415 2985 536 3063 nigrum
559 2990 589 3047 et
611 2987 745 3047 lucidum
768 2989 934 3048 tenebroso.
966 3007 1036 3066 ergo
1059 2987 1203 3047 Hercules
1227 2988 1288 3046 vir-

264 3078 331 3136 tute
364 3078 394 3134 et
423 3075 585 3152 prudentia
617 3077 732 3153 pollens
766 3095 784 3135 a
817 3077 938 3137 sinistro
971 3078 1002 3135 in
1034 3076 1171 3135 dextrum
1203 3077 1287 3135 nisus

266 3164 379 3224 silicem
408 3164 546 3240 adduxit,
579 3165 726 3225 adductae
755 3166 872 3226 radices
901 3167 958 3224 hoc
988 3166 1112 3224 consilio
1140 3166 1231 3225 solvit
1257 3167 1288 3225 et

220 3267 247 3307 eo
264 3253 342 3313 hanc
373 3253 405 3312 in
437 3256 555 3330 partem
588 3274 649 3330 qua
677 3254 796 3315 iacebat
826 3255 998 3332 inpellendo
1030 3253 1192 3314 revocavit.
1242 3255 1287 3314 ita

264 3343 378 3402 factum
403 3345 448 3403 est
470 3346 505 3402 ut
528 3362 614 3404 casus
638 3341 701 3403 eius
724 3344 852 3420 strepitu
876 3347 907 3404 et
928 3348 1040 3404 terrore
1059 3345 1200 3404 universa
1218 3363 1286 3403 con·

263 3432 373 3507 ploret,
399 3432 575 3492 intantum
597 3435 633 3491 ut
656 3433 890 3493 contremuerint
912 3434 1044 3492 fluminis
1067 3434 1164 3508 ripae,
1187 3434 1287 3508 ipsum

334 3606 512 3670 lopertum
528 3601 563 3656 V.
637 3605 653 3653 ὁ
677 3603 830 3659 ammon
847 3602 874 3657 V
894 3605 926 3657 io
948 3605 967 3658 i.
995 3603 1037 3658 ed.
1070 3603 1073 3674 l
1103 3603 1220 3657 deducto
1241 3602 1285 3659 ed.

264 3677 279 3725 6
299 3673 433 3728 osciaiooe
446 3671 480 3728 V.
540 3677 555 3726 9
575 3674 773 3728 eluatur-10
784 3682 940 3743 porricitur
954 3674 997 3730 ed.
1059 3679 1092 3727 13
1111 3675 1224 3729 insonat
1241 3674 1285 3730 ed.

263 3748 297 3797 16
317 3745 494 3800 manducare
508 3743 541 3800 V.
598 3749 632 3799 18
649 3761 770 3801 reserare
784 3744 811 3800 V
824 3745 868 3801 ed.
924 3751 957 3801 19
977 3748 1025 3815 qai
1038 3744 1065 3800 V
1078 3745 1126 3799 ed.
1142 3762 1218 3812 queue
1228 3761 1300 3795 uss.

262 3820 296 3868 21
321 3815 420 3870 occidit
442 3815 485 3871 ed,
559 3821 593 3870 28
616 3817 740 3887 impulsu
762 3816 808 3874 ed
886 3823 925 3874 Ἃ
947 3814 1157 3874 incumberetV
1183 3815 1251 3864 tet
1267 3809 1323 3860 aa.

263 3889 296 3939 29
316 3885 451 3942 addanae
464 3885 489 3941 V
504 3888 615 3960 cousque
634 3889 679 3949 ed.
756 3896 793 3949 80
813 3892 921 3966 quioV
943 3892 992 3949 ed.
1013 3909 1075 3962 qua
1094 3887 1146 3942 sd.
1161 3881 1253 3950 nost.
