3142 4375
650 492 835 548 AENEIDOS
853 491 905 545 XII
1226 493 1290 558 627

268 680 372 722 sensus
400 663 454 722 sio:
484 663 608 739 reliquit
635 664 666 720 et
693 680 814 721 currum
842 662 872 720 et
899 678 1030 720 sororem
1054 678 1164 737 perque
1187 659 1293 733 bostis,

267 770 322 828 per
344 752 404 810 tela
426 752 489 811 ruit
512 770 547 811 ac
564 750 671 827 rapido
694 769 783 810 cursu
806 749 905 808 media
924 750 1047 827 agmina
1069 749 1190 826 rumpit.
1220 747 1293 825 qaid

268 839 348 900 enim
366 843 513 900 metueret
531 841 585 915 qui
599 839 770 899 decreverat
788 837 888 898 mori?
911 856 948 897 ac
959 839 1050 897 aelati
1065 839 1172 897 monta
1187 854 1293 896 sanum

268 930 304 989 de
327 931 430 989 aenne
448 946 591 1003 praeceps
618 946 684 988 nen
705 930 779 998 ruit,
808 928 945 987 auulsum
971 931 1055 986 aento
1084 945 1137 987 seu
1159 926 1357 990 tnaanscec

234 1020 361 1079 sinebar
379 1019 492 1093 proluit
513 1022 566 1078 aut
588 1019 677 1077 annis
699 1018 787 1077 satuit
807 1017 951 1090 sublapsa
973 1020 1114 1086 uetustas,
1144 1017 1241 1090 fertur
1261 1016 1295 1073 in

267 1109 428 1182 abruptura
450 1125 556 1181 mapno
578 1124 662 1166 niens
680 1107 824 1180 inprobus
847 1109 914 1165 actu
932 1106 1096 1177 exultatque
1113 1106 1175 1164 sola
1193 1106 1294 1174 siivas,

268 1201 404 1256 armenta
417 1197 551 1269 uirosque
563 1196 715 1255 involvens
732 1213 844 1255 secum:
863 1214 931 1254 cum
950 1195 1024 1254 dicit
1039 1194 1217 1269 parabolam
1234 1212 1296 1270 qua

268 1286 365 1345 Turni
383 1303 503 1345 cursum
519 1284 552 1344 in
568 1286 700 1362 patriam
718 1287 879 1359 monstret,
898 1282 1030 1343 ostendit
1048 1282 1158 1359 quibus
1177 1284 1295 1343 casibus

268 1393 342 1434 saxa
365 1375 401 1434 de
419 1372 566 1433 montium
586 1373 748 1435 verticibus
768 1375 916 1451 proruant
936 1374 1102 1449 avulsaque
1120 1373 1296 1432 volvantur:

223 1483 249 1523 ro
268 1465 356 1539 haec,
378 1464 492 1539 iuquit,
511 1482 529 1522 a
548 1462 702 1522 soliditate
721 1462 864 1523 discernit
882 1465 937 1522 aut
954 1462 1045 1522 flatus
1063 1464 1223 1522 ventorum
1243 1465 1296 1522 aut

267 1551 373 1628 pluvia
392 1554 445 1612 aut
463 1554 610 1621 vetustas,
632 1552 781 1611 dissoluta
801 1554 904 1611 autem
922 1552 966 1611 sic
983 1551 1148 1611 volvuntur
1160 1552 1192 1609 in
1209 1570 1295 1626 prae·

268 1660 351 1718 ceps,
374 1644 410 1701 ut
433 1659 535 1700 eorum
556 1641 687 1717 impetus
706 1660 767 1700 non
785 1640 941 1700 minuatur
959 1640 1101 1716 saltibus,
1124 1639 1176 1699 sed
1198 1639 1296 1718 magis

267 1732 452 1789 incrementa
465 1729 614 1806 percipiat
628 1732 659 1788 et
672 1729 818 1808 quicquid
834 1729 1005 1789 invenerint
1018 1729 1152 1790 volvant.
1175 1729 1297 1789 disiecta

264 1836 321 1894 per
344 1820 465 1893 apme‘na
488 1820 610 1877 Turnus
632 1820 676 1877 sic
697 1820 782 1877 urbis
803 1820 865 1877 ruit
888 1819 928 1876 ad
949 1835 1066 1877 annos:

223 1927 248 1968 ra
452 1908 544 1967 Deest
565 1908 777 1985 interpretatio
800 1926 896 1983 usque
921 1906 960 1965 ad
983 1927 1011 1966 v.
1036 1909 1109 1966 Vbb.

268 1996 397 2073 denique
420 1996 463 2055 sic
485 1997 604 2056 fallitur
627 1996 773 2057 aviditate
795 1995 959 2071 retinendi,
982 1998 1018 2055 ut
1035 1995 1139 2055 dentes
1158 1994 1297 2055 dentibus

267 2086 369 2159 feriat,
388 2104 455 2144 cum
473 2085 572 2145 media
589 2086 701 2160 praeda
720 2084 859 2145 defuerit.
886 2090 948 2144 tum
961 2102 1029 2143 aero
1044 2085 1174 2144 exoritur
1187 2085 1298 2145 clannar

266 2175 409 2249 ripaeque
436 2174 572 2248 laeana
598 2177 774 2249 responsant
803 2175 883 2234 circa
910 2178 937 2234 et
965 2174 1079 2234 caelum
1106 2177 1188 2235 tonat
1214 2192 1298 2235 nune

266 2267 402 2337 frapare:
420 2263 506 2338 falso,
523 2262 633 2340 inquit,
648 2283 750 2324 morsu
769 2264 852 2323 cauis
873 2263 1075 2340 spectantium
1090 2265 1203 2324 clamor
1215 2264 1297 2324 tolli-

223 2373 249 2413 rc
267 2356 320 2412 tur
343 2354 374 2411 et
395 2351 545 2426 reciproco
574 2353 708 2411 locorum
736 2354 943 2411 resonantium
972 2371 1116 2429 responso
1139 2356 1299 2432 tamquam

267 2439 405 2501 tonitrua
422 2441 593 2500 mittuntur.
614 2442 664 2500 ille
679 2441 768 2500 simul
780 2442 900 2515 sapiens
913 2442 1041 2500 Rutubis
1059 2442 1150 2500 arnul
1166 2444 1299 2518 increpat

267 2530 365 2590 arnna's
394 2530 511 2588 aornim
539 2546 677 2604 numam
702 2547 812 2588 uocans
841 2534 998 2602 notunnque
1025 2531 1166 2605 efflapitat
1192 2548 1298 2590 enom.

268 2616 389 2677 Aeneas
406 2622 527 2676 nortem
545 2622 646 2678 contra
656 2634 855 2692 praesensque
872 2619 1007 2678 minuar
1020 2620 1154 2688 exitium,
1173 2621 1201 2678 sa'
1219 2621 1299 2692 quas-
1309 2631 1362 2680 aaa

267 2725 360 2782 wara
382 2706 482 2775 aden,
508 2709 647 2778 terretque
669 2707 817 2766 trementis
840 2708 1009 2765 ncisuaum
1029 2709 1133 2766 urbem
1154 2709 1299 2768 minitans

223 2818 247 2858 a
268 2801 296 2856 et
313 2795 435 2854 saunas
452 2795 557 2853 instat:
579 2793 686 2854 inermi
704 2796 806 2856 Turno
830 2814 899 2854 cum
922 2795 1041 2855 Aeneas
1063 2795 1230 2873 insisteret,
1252 2796 1298 2856 in-

268 2883 413 2960 crepabat
434 2883 515 2941 idem
533 2883 650 2942 Turnus
669 2885 766 2944 omnis
789 2903 860 2944 suos
883 2887 915 2943 ot
933 2885 1109 2962 appellabat
1126 2885 1298 2946 nominibus

267 2971 401 3051 propriis
424 2971 508 3031 illius
527 2972 606 3031 ensis
625 2972 770 3032 auxilium
789 2991 936 3050 quaerens
956 2993 1046 3050 quem
1065 2973 1222 3034 dimiserat
1239 2979 1298 3036 tre·

267 3063 387 3141 pidans‚
397 3060 449 3119 sed
464 3059 534 3118 dare
548 3061 650 3120 nullus
665 3060 809 3139 audebat3
823 3062 942 3122 Aeneas
957 3063 1038 3122 enim
1052 3066 1299 3124 contrementem

268 3150 437 3228 spondebat
451 3147 622 3208 hominibus
641 3153 672 3209 et
684 3168 825 3225 praesens
844 3151 964 3212 civitati
982 3152 1156 3212 minabatur
1173 3154 1299 3213 exitium

223 3262 248 3304 ro
267 3244 300 3300 et
323 3239 386 3298 iam
408 3239 562 3297 trementis
585 3238 729 3314 terrebat3
752 3239 874 3299 facilius
898 3243 945 3300 est
968 3241 1049 3300 enim
1068 3246 1180 3302 terrere
1203 3246 1299 3302 metu·

342 3449 358 3496 6
377 3443 497 3498 subtuna
511 3441 554 3494 ed.
608 3446 641 3494 11
660 3448 752 3497 autem
765 3443 792 3497 V
804 3450 837 3498 ut
851 3451 890 3500 eat
903 3445 947 3499 ed.
971 3447 974 3517 1
994 3446 1115 3502 volvitur
1128 3445 1155 3500 V
1169 3463 1240 3502 corr.
1254 3448 1299 3502 ed.

269 3523 304 3572 14
332 3529 427 3570 menos
454 3511 517 3565 finis
545 3510 607 3565 folii
635 3517 686 3566 223
707 3512 754 3566 Bb
782 3514 886 3583 incipit
913 3517 961 3572 fol.
984 3524 1038 3572 224
1058 3517 1103 3572 Aa
1131 3533 1148 3571 a
1174 3519 1299 3589 danim

269 3593 303 3643 19
323 3601 417 3641 mareu
434 3584 514 3638 canis
532 3599 584 3663 om.
600 3581 643 3635 ed.
707 3589 741 3637 22
760 3587 885 3656 eflopitat
898 3586 932 3642 V.
998 3595 1031 3644 26
1050 3591 1153 3645 imunt
1169 3589 1243 3645 falso
1262 3591 1300 3644 ad

266 3660 375 3715 lemma
393 3652 551 3708 retraxitV
568 3654 638 3706 rtem
656 3654 700 3707 ed.
774 3660 808 3711 28
832 3659 906 3712 enim
923 3658 950 3712 V
970 3667 1063 3716 auum
1082 3661 1126 3715 cd.
1153 3660 1157 3732 1
1187 3667 1301 3717 morum

266 3735 367 3786 contra
384 3731 497 3780 manent
510 3723 537 3777 V
554 3724 633 3791 prius
646 3726 765 3779 mortem
780 3727 837 3782 del.
851 3729 895 3784 ed.
955 3736 990 3784 29
1008 3732 1164 3800 spondebat
1180 3733 1301 3789 bomini-

267 3803 321 3857 aua
342 3797 368 3851 V
390 3796 551 3850 minabatur
573 3796 698 3849 manibus
723 3796 767 3850 ed.
846 3803 881 3852 30
904 3806 930 3854 et
950 3802 1009 3855 um
1027 3801 1055 3856 V
1072 3820 1107 3858 ac
1124 3805 1209 3859 ettam
1228 3804 1309 3871 edi

267 3869 369 3928 tanen
387 3869 416 3921 et
435 3869 525 3931 628,1
546 3865 648 3920 moueri
666 3866 710 3920 ed.
1369 3898 1374 3959 1

1124 3970 1178 4022 m*
