3142 4375
653 478 916 534 musmosvur
1233 484 1297 549 119

278 646 375 722 ipsius
406 647 537 707 numinis
567 667 627 707 non
660 647 793 706 inaniter
824 648 954 724 positus:
985 648 1164 725 dormiebat3
1194 649 1299 708 debuit

278 736 357 794 enim
381 733 531 795 dormiens
555 736 707 796 evidenter
730 756 848 796 cernere
871 740 939 813 quis
962 742 1053 813 esset,
1076 758 1113 798 ne
1137 740 1223 799 daret
1244 740 1298 798 hu·

277 824 374 884 manis
399 825 547 885 erroribus
571 825 652 901 quod
672 826 777 904 magni
799 826 936 886 beneficii
958 828 1022 887 loco
1045 828 1145 888 tuerat
1172 829 1298 904 praesti·

277 917 351 973 tum.
397 914 454 973 boc
477 918 578 974 autem
601 916 628 973 01
651 914 789 974 demebat
812 916 884 975 deus
907 917 980 992 ipse,
1004 918 1085 993 quod
1108 937 1176 977 eum
1197 918 1298 994 inpor-

250 1004 357 1062 ctnnis
382 1003 615 1081 cogitationibus
639 1006 741 1063 vexari
764 1009 954 1082 cognoverat.

350 1090 375 1151 0
402 1097 464 1152 sate
488 1097 572 1167 pente
599 1094 697 1162 dcam,
723 1095 887 1154 Troianam
914 1112 949 1153 eu
971 1096 1102 1154 hostibus
1124 1098 1226 1154 urbem
1249 1098 1299 1169 qui

275 1182 390 1240 revehis
416 1182 500 1241 uobis
528 1186 702 1255 aeternaque
729 1184 877 1258 Pcraama
903 1202 1017 1254 seruas,
1050 1189 1209 1258 exspectate
1237 1186 1298 1244 solo

275 1270 424 1330 Laurenti
447 1272 584 1343 arcisque
606 1272 741 1331 Latinis:
768 1292 876 1348 parum
898 1274 958 1332 fuit
981 1274 1062 1350 quod
1080 1277 1204 1334 venerat
1225 1274 1297 1334 deus

276 1378 456 1419 excussurus
476 1379 561 1419 omne
580 1362 713 1420 taedium
732 1362 903 1439 cogitantis,
922 1361 995 1421 dicit
1014 1364 1041 1420 ei
1060 1363 1151 1422 etiam
1169 1363 1297 1422 laudem.

235 1463 259 1504 ro
276 1468 369 1527 quam
399 1448 426 1508 si
454 1450 551 1508 solam
581 1450 704 1510 dixisset
737 1470 792 1510 nee
827 1451 991 1510 addidisset
1021 1452 1095 1527 alia,
1128 1454 1299 1512 sufficereut

275 1557 355 1614 quae
378 1537 433 1597 sub
456 1538 613 1599 laudative
636 1542 720 1598 textu
742 1543 898 1617 posuerat3
920 1542 1052 1615 primum
1075 1540 1154 1600 enim
1177 1541 1253 1601 dixit
1280 1561 1297 1600 o

275 1631 341 1687 sate
364 1631 453 1705 gente
478 1628 579 1701 deum,
603 1631 732 1705 cogitas,
755 1628 868 1704 inquit,
892 1629 1024 1688 humana
1047 1629 1180 1704 pericula
1208 1634 1296 1690 natus

275 1735 312 1776 ex
330 1716 387 1775 diis
406 1736 459 1775 nec
477 1718 601 1793 respicis
618 1721 746 1777 salutem
760 1722 846 1778 tuam
859 1718 891 1776 in
905 1719 1060 1777 hominum
1074 1738 1181 1778 manus
1196 1720 1296 1779 venire

265 1824 336 1865 -non
359 1825 459 1881 posse,
488 1827 580 1881 quam
606 1810 708 1866 tuetur
735 1807 894 1867 nativitas:
923 1827 977 1866 sua
998 1808 1205 1867 incolumitate
1229 1828 1296 1867 con·

231 1907 256 1950 rs
274 1896 383 1955 sistens
407 1896 525 1954 salvum
547 1898 578 1954 et
595 1898 747 1974 integrum
765 1897 985 1974 inlibatamque
1003 1898 1154 1973 perdurat.
1187 1897 1296 1975 Perga-

273 2004 359 2043 mum
383 2004 503 2060 quoquc
525 1985 662 2045 interisse
687 1988 754 2061 quis
783 1986 915 2060 adserat,
944 2006 1011 2045 cum
1033 1990 1133 2045 tecum
1156 1987 1242 2045 duret
1264 1987 1297 2046 in

273 2077 411 2149 tempora
430 2077 551 2133 aeterna
569 2074 766 2133 mansurum?
799 2075 917 2134 0111010
937 2076 1078 2151 sperabat
1095 2075 1196 2151 Italia,
1214 2078 1297 2135 tenet

273 2166 461 2241 praesentem
493 2167 523 2223 et
553 2166 665 2241 optatis
701 2165 885 2241 amplexibus
921 2164 1012 2225 fovet.
1066 2166 1139 2225 haec
1171 2164 1295 2225 dicendo

272 2271 416 2331 magnam
434 2272 517 2329 spem
534 2255 645 2313 futuris
664 2255 848 2330 temporibus
871 2255 1038 2333 pollicetur,
1062 2255 1147 2314 addit
1169 2256 1239 2330 alia,
1261 2258 1296 2313 ut

228 2354 255 2395 so
272 2342 408 2400 animum
430 2343 596 2402 aestuantis
619 2343 731 2402 maiore
755 2343 925 2402 securitatis
949 2345 1106 2420 sponsione
1128 2346 1295 2404 confirmet:

272 2432 320 2490 bic
341 2433 401 2499 tibi,
426 2433 535 2507 inquit,
559 2437 636 2491 certa
659 2433 770 2501 domas,
796 2434 873 2501 certi,
897 2450 933 2490 ue
957 2435 1071 2502 absiste,
1087 2438 1218 2506 penates,
1238 2452 1295 2492 neu
1304 2439 1339 2487 40

273 2521 341 2579 belli
363 2525 469 2579 terrere
492 2523 589 2580 ruinis
632 2523 684 2597 qui
708 2525 845 2598 speratus
868 2523 984 2581 venisse
1008 2522 1106 2582 dictus
1130 2526 1175 2582 est
1198 2524 1295 2601 magis

272 2611 430 2686 magisque
449 2610 580 2669 securior
596 2612 741 2687 redditur,
761 2610 842 2688 quod
859 2611 922 2681 illic
937 2611 1095 2670 habitmus
1111 2615 1188 2671 esset
1201 2613 1294 2687 sedes,

272 2698 336 2757 illio
359 2699 477 2774 penatis
499 2701 723 2759 conlocaturus:
750 2701 838 2758 illum
861 2700 938 2758 nihil
961 2701 1066 2758 debere
1089 2704 1220 2759 metuere
1244 2721 1294 2759 ne·

227 2798 255 2840 as
274 2806 331 2864 que
354 2789 440 2847 illam
463 2789 696 2863 sollicitudinem
720 2789 811 2864 ferre,
835 2789 916 2865 quod
940 2790 1147 2848 crudescerent
1164 2789 1244 2848 bella
1264 2793 1295 2849 et

273 2877 389 2936 maiora
423 2879 556 2953 pericula
588 2879 782 2938 minarentur.
840 2884 936 2937 tamar
963 2880 1057 2936 omnis
1085 2883 1111 2936 01
1137 2879 1201 2936 irae
1229 2896 1293 2937 coa-

274 2983 382 3025 ccsscre
405 2968 505 3025 dama:
531 2969 564 3026 iu
592 2969 748 3028 lenitatem
775 2969 980 3044 plenissimam
1003 2986 1122 3027 versum
1145 2969 1294 3044 estquod

273 3055 442 3114 animorum
469 3057 636 3116 tumoribus
664 3058 800 3116 ferebant
827 3057 952 3115 numina
979 3059 1010 3115 et
1035 3057 1067 3114 in
1091 3075 1206 3115 omnem
1231 3058 1293 3133 pla·

273 3144 428 3204 ciditatem
451 3146 573 3204 illorum
597 3148 704 3207 durata
728 3147 842 3206 dudum
864 3146 1022 3205 iracundia
1045 3148 1229 3205 commutata
1248 3150 1294 3205 est

227 3243 254 3283 ⁸⁰
272 3233 454 3311 perindeque
478 3235 567 3294 cessit
589 3236 729 3294 felicitati
752 3239 823 3294 tuae
847 3235 991 3311 quicquid
1009 3234 1125 3294 solebat
1143 3255 1206 3294 esse
1225 3255 1293 3295 con-

271 3323 405 3381 trarium.
451 3325 568 3396 iamque
587 3326 646 3394 tibi,
675 3343 712 3383 ae
730 3344 811 3383 caua
828 3330 916 3397 pates
933 3326 1004 3383 baec
1021 3327 1131 3398 11090νο
1149 3343 1291 3393 somnum,

273 3413 381 3470 litoreis
409 3413 511 3486 inparis
542 3414 662 3473 iuuenta
694 3416 748 3472 sub
778 3415 895 3472 ilicibus
927 3431 979 3472 sas
1012 3415 1132 3488 tripiata
1164 3415 1293 3488 capitum

345 3588 359 3635 1
380 3585 446 3637 ante
464 3583 615 3637 dormiebat
632 3582 744 3636 videtur
762 3590 802 3638 est
819 3585 886 3652 qaia
904 3583 1048 3637 excidisse.
1119 3590 1134 3637 ὅ
1153 3600 1253 3638 vexare
1266 3583 1292 3637 V

272 3670 341 3708 corr.
362 3654 405 3708 ed.
466 3661 499 3708 12
518 3661 581 3708 uate
600 3653 643 3708 ed.
707 3660 740 3708 14
759 3672 815 3722 qua
832 3654 993 3709 intueturV
1012 3656 1126 3723 quemi.
1146 3654 1190 3708 ed.
1209 3672 1292 3724 quam

272 3731 364 3780 tuetur
381 3743 440 3780 nos.
515 3725 858 3780 150010001101001.
886 3726 889 3796 1
914 3724 1088 3794 perduratV
1106 3727 1263 3781 0011001οἀ.
1286 3727 1289 3798 1

272 3798 409 3866 Parparia
428 3797 471 3852 ed.
533 3802 565 3851 lo
585 3799 725 3851 (100001-
738 3802 770 3849 17
786 3813 918 3852 mansura
937 3797 980 3852 ed.
1041 3803 1074 3850 27
1094 3799 1232 3852 leuitatem
1247 3799 1298 3850 ed.

273 3872 306 3921 29
326 3869 456 3923 duratam
473 3869 577 3923 dadam
596 3867 801 3926 iracusadiaell
822 3886 895 3925 corr.
913 3869 961 3926 ed.
1032 3875 1072 3924 aa
1085 3865 1282 3924 litoream.
1362 3920 1370 3935 Α
