3142 4375
664 495 847 550 Aruernos
866 495 891 549 x
1220 498 1285 563 307

268 667 349 739 capu
370 665 520 725 elisurdtu
541 666 643 736 riuum,
668 681 742 736 quae
760 665 861 736 cuique
880 668 921 723 est
937 664 1060 737 futuua
1077 664 1174 729 bodie.
1198 682 1287 738 wau

268 756 391 829 quaque
412 758 492 814 suat
512 770 606 826 specu
631 754 706 812 Troe
728 753 896 812 Rutulusne
921 755 989 826 fuat
1012 754 1094 812 uutlo
1119 754 1287 812 discrtmc'ue

268 845 393 913 debebo,
426 860 479 903 scu
511 843 584 915 fotis
612 842 725 901 Italum
759 846 857 901 costra
889 844 1037 902 obsidione
1065 846 1196 901 teucutur
1227 843 1349 905 sturno

269 949 368 993 more
388 933 468 992 moto
492 932 599 991 Troiae
615 933 789 1004 occultisque
811 933 953 1001 siutstuis,
976 950 1029 991 uec
1051 932 1177 991 Rutulos
1199 932 1287 999 soluo,

241 1039 328 1084 rouo
350 1022 453 1094 utque
474 1038 577 1080 euerso
600 1021 728 1080 laborem
741 1021 947 1094 fortunamque
964 1021 1069 1094 fereut,
1088 1038 1141 1080 reu
1153 1021 1290 1094 Iuppiter

269 1111 407 1171 manibus
432 1110 524 1179 Mem,
553 1113 619 1184 futu
646 1112 727 1169 utam
748 1112 910 1169 tuueuc'eut:
937 1110 1074 1185 Iuppiter
1097 1130 1164 1169 cum
1187 1109 1289 1169 studia

269 1198 404 1277 partium
433 1199 523 1276 plena
550 1199 720 1259 constantia
747 1199 850 1259 sedare
878 1218 937 1258 non
967 1201 1080 1275 posset,
1111 1200 1290 1259 sententiam

269 1307 326 1366 pro
349 1289 447 1348 ultera
469 1289 567 1348 noluit
589 1288 679 1364 ferre,
702 1290 755 1348 sed
777 1291 920 1366 utrasque
943 1288 987 1347 sie
1009 1288 1136 1362 dimisit,
1156 1288 1290 1347 utnulla

271 1378 409 1456 superior
440 1377 625 1453 abscederet,
658 1396 693 1437 ea
725 1377 865 1438 videlicet
896 1395 999 1452 causa,
1036 1380 1071 1437 ut
1106 1397 1160 1437 nec
1195 1378 1289 1436 filiam

233 1487 256 1529 u
270 1467 406 1530 laederet
432 1485 488 1527 nee
516 1486 647 1527 uxorem.
700 1467 833 1543 quando,
865 1466 976 1542 inquit,
1009 1470 1109 1526 vestra
1141 1466 1290 1526 discordia

270 1557 364 1618 nullia
388 1556 525 1617 concludi
547 1555 683 1615 terminis
706 1558 820 1632 potest,
843 1555 963 1615 dimitto
991 1556 1062 1614 latis
1091 1558 1122 1614 et
1144 1556 1289 1615 Troianos

271 1649 303 1708 et
323 1645 468 1706 Rutulos:
492 1645 607 1705 dabunt
629 1646 683 1705 illa
707 1646 754 1705 cui
777 1646 929 1705 voluerint
947 1647 978 1704 et
996 1663 1087 1721 quam
1107 1645 1291 1704 decreverint

270 1736 362 1796 rium
412 1738 485 1794 tunc
514 1734 691 1811 probabitur
725 1736 793 1812 quis
827 1735 936 1793 fiducia
968 1735 1089 1794 meliore
1120 1734 1290 1809 contendat,

271 1827 361 1886 erunt
384 1825 466 1900 apud
488 1844 535 1883 me
559 1842 660 1883 omnes
680 1825 833 1901 aequales,
852 1823 971 1883 docebit
989 1825 1086 1883 exitus
1104 1843 1205 1881 rerum
1223 1824 1290 1899 quis

235 1931 257 1974 re
270 1915 406 1974 fatorum
428 1913 597 1988 voluntate,
620 1914 689 1990 quis
718 1914 859 1974 audaciae
886 1913 1056 1973 temeritate
1083 1912 1213 1971 nitatur:
1240 1931 1291 1970 rex

270 2002 411 2080 Iuppiter
440 2002 576 2062 omnibus
605 2002 693 2061 idem.
738 2002 832 2077 Stupit
855 2020 912 2076 per
940 2004 1066 2073 fluutuu
1092 2002 1210 2075 fratris,
1237 2019 1292 2076 per

269 2093 335 2166 pice
357 2092 494 2151 torrcutts
516 2096 638 2164 utroque
660 2094 800 2166 coropiue
821 2093 906 2165 ripas
929 2091 1035 2150 edocuit
1057 2095 1083 2150 et
1105 2095 1194 2149 totum
1218 2094 1353 2152 uutuno

271 2182 430 2255 tumefecit
455 2180 616 2256 Olympum.
662 2182 719 2240 boc
746 2201 777 2241 se
805 2183 994 2242 servaturum
1020 2180 1134 2240 iuravit
1156 2180 1293 2258 Iuppiter

272 2290 327 2349 per
348 2270 489 2348 Stygem,
513 2272 598 2331 cuius
622 2271 682 2330 alio
705 2271 770 2330 loco
796 2265 841 2351 (6,
857 2264 937 2350 324)
965 2274 1055 2347 poeta
1083 2288 1292 2330 commemora·

239 2359 388 2421 ”fiunem
419 2360 492 2419 fecit
524 2359 623 2419 dicens
655 2360 721 2434 „dii
753 2362 839 2419 cuius
868 2361 968 2419 iurare
998 2359 1107 2418 timent
1137 2362 1167 2419 et
1189 2359 1293 2418 fallere

272 2447 415 2511 numen“.
461 2449 508 2507 bic
529 2450 600 2521 tuis
621 2449 724 2521 feudi:
746 2449 836 2507 finem
858 2448 955 2509 verbis
978 2449 1143 2524 inpositum
1166 2449 1205 2507 ad
1233 2468 1293 2507 cm-

272 2538 359 2599 uium
386 2555 545 2614 personam
572 2537 720 2614 pertinere
747 2538 983 2617 intellegendum
1011 2539 1069 2612 est3
1096 2557 1167 2596 nam
1194 2538 1293 2596 nullus

274 2628 382 2689 decim
414 2626 532 2704 aliquid
564 2627 646 2686 dixit.
705 2629 777 2687 sotio
810 2632 871 2686 tum
901 2627 1038 2701 Iuppiter
1070 2644 1159 2686 aureo
1191 2627 1292 2701 surpit,

274 2716 430 2779 murator
450 2717 579 2776 medium
602 2734 685 2792 ouem
708 2719 748 2776 ad
771 2718 876 2775 titutua
898 2717 1022 2775 ducuut:
1046 2719 1076 2775 ct
1098 2715 1173 2775 solio
1196 2716 1294 2774 solnm

244 2804 387 2867 {cedmae
422 2807 604 2866 monstravit
640 2808 670 2865 et
706 2807 803 2865 solum
835 2807 996 2865 surrexisse
1029 2806 1128 2864 soluto
1161 2805 1293 2864 consilio.

275 2914 365 2973 quem
387 2894 520 2954 medium
543 2913 645 2955 omnes
669 2895 711 2953 dii
734 2895 921 2954 deduxerunt
943 2894 981 2954 ad
1005 2894 1104 2953 sedem
1126 2912 1211 2952 suam
1239 2895 1295 2953 hoc

276 2986 334 3047 ut·
350 2981 393 3043 ad
418 3002 485 3042 eum
515 2984 591 3043 caeli
620 2987 737 3059 partem
758 2984 791 3041 in
814 3003 874 3059 qua
897 2983 1075 3043 commorari
1098 2986 1128 3042 et
1152 2983 1294 3043 adsiduum

276 3092 340 3135 ecee
352 3076 557 3135 consueverat.
590 3073 670 3150 quod
688 3073 765 3131 dixit
781 3073 927 3149 medium,
942 3078 1103 3148 'possumus
1121 3073 1294 3150 intellegere

277 3164 383 3239 utpote
406 3160 568 3238 potiorem,
597 3181 635 3221 an
662 3162 806 3237 medium,
835 3163 907 3238 quia
933 3164 1054 3238 utrique
1078 3162 1159 3238 parti
1181 3161 1242 3219 fuit
1263 3162 1295 3220 in

246 3250 439 3312 *iudicando
462 3250 646 3310 communis?

366 3339 488 3399 Interea
510 3340 615 3399 Rutuli
634 3341 728 3412 portis
752 3341 861 3398 circum
883 3341 1018 3398 omuibus
1040 3340 1152 3398 iustuut
1169 3343 1296 3398 steruore

275 3430 365 3491 'mede
396 3429 477 3488 utros
509 3433 535 3487 et
564 3430 680 3487 mocula
708 3429 821 3503 ciuycre
850 3430 994 3500 flamm-ts:
1022 3428 1135 3488 reditus
1166 3431 1211 3488 est
1238 3429 1296 3488 iste

349 3596 574 3722 tutelast*
603 3599 688 3665 uefiut
701 3597 760 3651 VR.
825 3599 972 3652 tmouitts
990 3614 1060 3666 quac
1072 3597 1106 3652 V.
1137 3598 1141 3669 j
1169 3600 1298 3654 eiuiutrte

279 3668 339 3727 VR.
411 3674 427 3723 'l
441 3669 532 3738 placa
574 3710 580 3723 .
610 3668 613 3740 t
643 3671 776 3724 scatentia
790 3669 849 3722 VR.
924 3675 956 3722 12
975 3670 1027 3722 illo
1044 3670 1070 3722 R
1087 3669 1236 3724 tltiVom.
1252 3670 1297 3725 ed.

279 3744 313 3797 18
330 3740 489 3815 nimbum
502 3739 561 3794 VR.
645 3745 677 3794 19
695 3748 803 3810 stupam
816 3739 875 3793 VR.
958 3746 990 3794 21
1015 3757 1113 3795 uomeu
1131 3741 1171 3811 (in
1189 3741 1227 3795 VI
1244 3759 1297 3796 uu·

278 3814 351 3883 m)
367 3810 403 3867 V.
458 3816 493 3865 28
512 3827 576 3866 orco
593 3829 643 3880 pro
662 3829 746 3867 aureo
759 3811 818 3868 VR.
875 3817 910 3867 ul
928 3811 1159 3868 coettcutceVYs.
1213 3817 1252 3865 ‘te
1272 3828 1316 3864 aa

278 3882 331 3939 VB
347 3881 458 3941 dotted
484 3883 496 3952 l
513 3888 599 3950 parte
615 3882 663 3936 VR
681 3901 751 3940 corr.
769 3886 814 3942 ed.

1120 3991 1181 4048 ab*
