<?xml version="1.0" encoding="UTF-8"?>
<!DOCTYPE html PUBLIC "-//W3C//DTD XHTML 1.0 Transitional//EN"
    "http://www.w3.org/TR/xhtml1/DTD/xhtml1-transitional.dtd">
<html xmlns="http://www.w3.org/1999/xhtml" xml:lang="en" lang="en">
 <head>
  <title>
</title>
<meta http-equiv="Content-Type" content="text/html;charset=utf-8" />
  <meta name='ocr-system' content='tesseract 3.04.00' />
  <meta name='ocr-capabilities' content='ocr_page ocr_carea ocr_par ocr_line ocrx_word'/>
</head>
<body>
  <div class='ocr_page' id='page_1' title='image "./tibericlaudidon00unkngoog_0324.png"; bbox 0 0 3142 4375; ppageno 0'>
   <div class='ocr_carea' id='block_1_1' title="bbox 664 471 1289 541">
    <p class='ocr_par' dir='ltr' id='par_1_1' title="bbox 664 471 1289 541">
     <span class='ocr_line' id='line_1_1' title="bbox 664 471 1289 541; baseline 0 -15"><span class='ocrx_word' id='word_1_1' title='bbox 664 471 893 527; x_wconf 78' lang='lat' dir='ltr'>musmosx</span> <span class='ocrx_word' id='word_1_2' title='bbox 1222 475 1289 541; x_wconf 80' lang='lat'>313</span> 
     </span>
    </p>
   </div>
   <div class='ocr_carea' id='block_1_2' title="bbox 223 620 1351 3302">
    <p class='ocr_par' dir='ltr' id='par_1_2' title="bbox 223 620 1351 3302">
     <span class='ocr_line' id='line_1_2' title="bbox 269 620 1289 719; baseline 0.001 -19"><span class='ocrx_word' id='word_1_3' title='bbox 269 658 388 700; x_wconf 87' lang='lat' dir='ltr'>omnem</span> <span class='ocrx_word' id='word_1_4' title='bbox 405 638 528 715; x_wconf 90' lang='lat' dir='ltr'>petendi</span> <span class='ocrx_word' id='word_1_5' title='bbox 545 642 641 699; x_wconf 85' lang='lat' dir='ltr'>artem</span> <span class='ocrx_word' id='word_1_6' title='bbox 660 620 760 715; x_wconf 68' lang='lat' dir='ltr'>preces</span> <span class='ocrx_word' id='word_1_7' title='bbox 780 659 899 717; x_wconf 90' lang='lat' dir='ltr'>quoque</span> <span class='ocrx_word' id='word_1_8' title='bbox 922 640 1094 717; x_wconf 82' lang='lat' dir='ltr'><strong>subnexuit,</strong></span> <span class='ocrx_word' id='word_1_9' title='bbox 1117 644 1153 701; x_wconf 94' lang='lat' dir='ltr'>ut</span> <span class='ocrx_word' id='word_1_10' title='bbox 1175 641 1289 719; x_wconf 91' lang='lat' dir='ltr'>suppli·</span> 
     </span>
     <span class='ocr_line' id='line_1_3' title="bbox 269 728 1289 807; baseline 0.004 -20"><span class='ocrx_word' id='word_1_11' title='bbox 269 728 349 788; x_wconf 82' lang='lat' dir='ltr'>catio</span> <span class='ocrx_word' id='word_1_12' title='bbox 359 731 522 788; x_wconf 90' lang='lat' dir='ltr'>mereretur</span> <span class='ocrx_word' id='word_1_13' title='bbox 532 729 612 806; x_wconf 93' lang='lat' dir='ltr'>quod</span> <span class='ocrx_word' id='word_1_14' title='bbox 621 730 774 805; x_wconf 89' lang='lat' dir='ltr'>superiora</span> <span class='ocrx_word' id='word_1_15' title='bbox 782 730 919 791; x_wconf 81' lang='lat' dir='ltr'>fortassis</span> <span class='ocrx_word' id='word_1_16' title='bbox 928 731 1080 807; x_wconf 78' lang='lat' dir='ltr'>inpetmre</span> <span class='ocrx_word' id='word_1_17' title='bbox 1088 751 1150 791; x_wconf 92' lang='lat' dir='ltr'>non</span> <span class='ocrx_word' id='word_1_18' title='bbox 1158 734 1289 807; x_wconf 86' lang='lat' dir='ltr'>possent</span> 
     </span>
     <span class='ocr_line' id='line_1_4' title="bbox 268 818 1290 897; baseline 0.003 -20"><span class='ocrx_word' id='word_1_19' title='bbox 268 818 347 877; x_wconf 85' lang='lat' dir='ltr'>haut</span> <span class='ocrx_word' id='word_1_20' title='bbox 366 818 403 877; x_wconf 89' lang='lat' dir='ltr'>fit</span> <span class='ocrx_word' id='word_1_21' title='bbox 424 837 522 894; x_wconf 90' lang='lat' dir='ltr'>mora,</span> <span class='ocrx_word' id='word_1_22' title='bbox 545 818 682 877; x_wconf 79' lang='lat' dir='ltr'>Tarchon</span> <span class='ocrx_word' id='word_1_23' title='bbox 704 818 806 896; x_wconf 81' lang='lat' dir='ltr'>iungit</span> <span class='ocrx_word' id='word_1_24' title='bbox 828 838 899 894; x_wconf 90' lang='lat' dir='ltr'>opes</span> <span class='ocrx_word' id='word_1_25' title='bbox 922 819 1085 897; x_wconf 83' lang='lat' dir='ltr'>foedusque</span> <span class='ocrx_word' id='word_1_26' title='bbox 1112 821 1196 880; x_wconf 88' lang='lat' dir='ltr'>ferit:</span> <span class='ocrx_word' id='word_1_27' title='bbox 1223 839 1290 880; x_wconf 89' lang='lat' dir='ltr'>eece</span> 
     </span>
     <span class='ocr_line' id='line_1_5' title="bbox 225 908 1289 987; baseline 0.002 -21"><span class='ocrx_word' id='word_1_28' title='bbox 225 912 228 918; x_wconf 85' lang='lat'>&#39;</span> <span class='ocrx_word' id='word_1_29' title='bbox 269 909 418 985; x_wconf 89' lang='lat' dir='ltr'>quantum</span> <span class='ocrx_word' id='word_1_30' title='bbox 436 908 551 985; x_wconf 75' lang='lat' dir='ltr'><strong>profuit</strong></span> <span class='ocrx_word' id='word_1_31' title='bbox 568 908 735 967; x_wconf 84' lang='lat' dir='ltr'>necessaria</span> <span class='ocrx_word' id='word_1_32' title='bbox 752 909 898 968; x_wconf 87' lang='lat' dir='ltr'>nexuisse.</span> <span class='ocrx_word' id='word_1_33' title='bbox 930 928 999 969; x_wconf 85' lang='lat' dir='ltr'>mox</span> <span class='ocrx_word' id='word_1_34' title='bbox 1016 909 1131 968; x_wconf 87' lang='lat' dir='ltr'>factum</span> <span class='ocrx_word' id='word_1_35' title='bbox 1149 909 1289 987; x_wconf 88' lang='lat' dir='ltr'>estquod</span> 
     </span>
     <span class='ocr_line' id='line_1_6' title="bbox 239 995 1288 1074; baseline 0.007 -23"><span class='ocrx_word' id='word_1_36' title='bbox 239 1010 252 1051; x_wconf 78' lang='lat' dir='ltr'>c</span> <span class='ocrx_word' id='word_1_37' title='bbox 268 995 391 1057; x_wconf 90' lang='lat' dir='ltr'>tenebat</span> <span class='ocrx_word' id='word_1_38' title='bbox 409 996 601 1056; x_wconf 88' lang='lat' dir='ltr'>desiderium:</span> <span class='ocrx_word' id='word_1_39' title='bbox 619 998 740 1055; x_wconf 90' lang='lat' dir='ltr'>iunctae</span> <span class='ocrx_word' id='word_1_40' title='bbox 759 998 830 1056; x_wconf 89' lang='lat' dir='ltr'>sunt</span> <span class='ocrx_word' id='word_1_41' title='bbox 847 1015 932 1074; x_wconf 90' lang='lat' dir='ltr'>opes,</span> <span class='ocrx_word' id='word_1_42' title='bbox 945 997 1099 1057; x_wconf 85' lang='lat' dir='ltr'>firmatum</span> <span class='ocrx_word' id='word_1_43' title='bbox 1116 1002 1162 1059; x_wconf 90' lang='lat' dir='ltr'>est</span> <span class='ocrx_word' id='word_1_44' title='bbox 1175 999 1288 1059; x_wconf 89' lang='lat' dir='ltr'>foedus.</span> 
     </span>
     <span class='ocr_line' id='line_1_7' title="bbox 268 1084 1289 1164; baseline 0.003 -20"><span class='ocrx_word' id='word_1_45' title='bbox 268 1084 393 1163; x_wconf 85' lang='lat' dir='ltr'>iungere</span> <span class='ocrx_word' id='word_1_46' title='bbox 416 1104 487 1162; x_wconf 91' lang='lat' dir='ltr'>opes</span> <span class='ocrx_word' id='word_1_47' title='bbox 510 1087 556 1145; x_wconf 92' lang='lat' dir='ltr'>est</span> <span class='ocrx_word' id='word_1_48' title='bbox 578 1104 650 1162; x_wconf 92' lang='lat' dir='ltr'>opes</span> <span class='ocrx_word' id='word_1_49' title='bbox 668 1085 776 1161; x_wconf 90' lang='lat' dir='ltr'>opibus</span> <span class='ocrx_word' id='word_1_50' title='bbox 793 1088 923 1161; x_wconf 76' lang='lat' dir='ltr'>nectere,</span> <span class='ocrx_word' id='word_1_51' title='bbox 942 1088 1086 1164; x_wconf 89' lang='lat' dir='ltr'>quoniam</span> <span class='ocrx_word' id='word_1_52' title='bbox 1103 1088 1240 1147; x_wconf 76' lang='lat' dir='ltr'><strong>Tarchon</strong></span> <span class='ocrx_word' id='word_1_53' title='bbox 1258 1091 1289 1147; x_wconf 88' lang='lat' dir='ltr'>et</span> 
     </span>
     <span class='ocr_line' id='line_1_8' title="bbox 270 1173 1351 1250; baseline 0.003 -17"><span class='ocrx_word' id='word_1_54' title='bbox 270 1173 364 1233; x_wconf 89' lang='lat' dir='ltr'>dabat</span> <span class='ocrx_word' id='word_1_55' title='bbox 386 1176 533 1234; x_wconf 86' lang='lat' dir='ltr'>auxilium</span> <span class='ocrx_word' id='word_1_56' title='bbox 556 1178 586 1234; x_wconf 89' lang='lat' dir='ltr'>et</span> <span class='ocrx_word' id='word_1_57' title='bbox 608 1175 753 1235; x_wconf 76' lang='lat' dir='ltr'>sumebat.</span> <span class='ocrx_word' id='word_1_58' title='bbox 799 1179 861 1234; x_wconf 79' lang='lat' dir='ltr'>tum</span> <span class='ocrx_word' id='word_1_59' title='bbox 884 1176 977 1235; x_wconf 80' lang='lat' dir='ltr'>libera</span> <span class='ocrx_word' id='word_1_60' title='bbox 998 1177 1057 1250; x_wconf 79' lang='lat' dir='ltr'>foti</span> <span class='ocrx_word' id='word_1_61' title='bbox 1079 1177 1201 1236; x_wconf 82' lang='lat' dir='ltr'>classem</span> <span class='ocrx_word' id='word_1_62' title='bbox 1223 1186 1351 1236; x_wconf 78' lang='lat' dir='ltr'>ooo-leo</span> 
     </span>
     <span class='ocr_line' id='line_1_9' title="bbox 269 1264 1289 1339; baseline 0.001 -16"><span class='ocrx_word' id='word_1_63' title='bbox 269 1264 381 1323; x_wconf 67' lang='lat' dir='ltr'>samoe</span> <span class='ocrx_word' id='word_1_64' title='bbox 408 1265 499 1323; x_wconf 72' lang='lat' dir='ltr'>tusus</span> <span class='ocrx_word' id='word_1_65' title='bbox 526 1282 598 1339; x_wconf 69' lang='lat' dir='ltr'>ocus</span> <span class='ocrx_word' id='word_1_66' title='bbox 620 1265 721 1339; x_wconf 56' lang='lat' dir='ltr'>[odio</span> <span class='ocrx_word' id='word_1_67' title='bbox 750 1264 852 1323; x_wconf 77' lang='lat' dir='ltr'>dimon</span> <span class='ocrx_word' id='word_1_68' title='bbox 882 1270 996 1323; x_wconf 69' lang='lat' dir='ltr'>muno</span> <span class='ocrx_word' id='word_1_69' title='bbox 1026 1267 1180 1324; x_wconf 77' lang='lat' dir='ltr'>commisso</span> <span class='ocrx_word' id='word_1_70' title='bbox 1206 1266 1289 1325; x_wconf 82' lang='lat' dir='ltr'>duci:</span> 
     </span>
     <span class='ocr_line' id='line_1_10' title="bbox 269 1352 1288 1431; baseline 0.001 -19"><span class='ocrx_word' id='word_1_71' title='bbox 269 1354 402 1430; x_wconf 84' lang='lat' dir='ltr'>perfecto</span> <span class='ocrx_word' id='word_1_72' title='bbox 420 1353 537 1413; x_wconf 89' lang='lat' dir='ltr'>foedere</span> <span class='ocrx_word' id='word_1_73' title='bbox 555 1353 651 1412; x_wconf 90' lang='lat' dir='ltr'>libera</span> <span class='ocrx_word' id='word_1_74' title='bbox 669 1352 793 1413; x_wconf 77' lang='lat' dir='ltr'>nexibus</span> <span class='ocrx_word' id='word_1_75' title='bbox 810 1355 947 1430; x_wconf 87' lang='lat' dir='ltr'>responsi</span> <span class='ocrx_word' id='word_1_76' title='bbox 966 1373 1038 1431; x_wconf 86' lang='lat' dir='ltr'>gens</span> <span class='ocrx_word' id='word_1_77' title='bbox 1051 1352 1149 1430; x_wconf 84' lang='lat' dir='ltr'>Lydia</span> <span class='ocrx_word' id='word_1_78' title='bbox 1163 1354 1288 1415; x_wconf 90' lang='lat' dir='ltr'>classem</span> 
     </span>
     <span class='ocr_line' id='line_1_11' title="bbox 232 1442 1287 1518; baseline 0.006 -21"><span class='ocrx_word' id='word_1_79' title='bbox 232 1453 254 1495; x_wconf 80' lang='grc' dir='ltr'>ιο</span> <span class='ocrx_word' id='word_1_80' title='bbox 270 1442 442 1501; x_wconf 71' lang='lat' dir='ltr'>conscendit</span> <span class='ocrx_word' id='word_1_81' title='bbox 460 1444 580 1501; x_wconf 88' lang='lat' dir='ltr'>externo</span> <span class='ocrx_word' id='word_1_82' title='bbox 600 1442 758 1502; x_wconf 91' lang='lat' dir='ltr'>commissa</span> <span class='ocrx_word' id='word_1_83' title='bbox 777 1442 846 1501; x_wconf 93' lang='lat' dir='ltr'>duci</span> <span class='ocrx_word' id='word_1_84' title='bbox 864 1462 918 1518; x_wconf 91' lang='lat' dir='ltr'>per</span> <span class='ocrx_word' id='word_1_85' title='bbox 936 1442 1037 1501; x_wconf 81' lang='lat' dir='ltr'>divina</span> <span class='ocrx_word' id='word_1_86' title='bbox 1055 1446 1224 1518; x_wconf 88' lang='lat' dir='ltr'>praecepta.</span> <span class='ocrx_word' id='word_1_87' title='bbox 1255 1446 1287 1503; x_wconf 91' lang='lat' dir='ltr'>in</span> 
     </span>
     <span class='ocr_line' id='line_1_12' title="bbox 269 1525 1288 1611; baseline -0.001 -20"><span class='ocrx_word' id='word_1_88' title='bbox 269 1533 377 1591; x_wconf 82' lang='lat' dir='ltr'>octavo</span> <span class='ocrx_word' id='word_1_89' title='bbox 393 1531 470 1591; x_wconf 86' lang='lat' dir='ltr'>libro</span> <span class='ocrx_word' id='word_1_90' title='bbox 485 1525 581 1611; x_wconf 83' lang='lat'>(498)</span> <span class='ocrx_word' id='word_1_91' title='bbox 595 1533 773 1591; x_wconf 80' lang='lat' dir='ltr'>meminerat</span> <span class='ocrx_word' id='word_1_92' title='bbox 791 1551 822 1591; x_wconf 88' lang='lat' dir='ltr'>se</span> <span class='ocrx_word' id='word_1_93' title='bbox 839 1534 930 1607; x_wconf 85' lang='lat' dir='ltr'>poete</span> <span class='ocrx_word' id='word_1_94' title='bbox 948 1531 1056 1591; x_wconf 87' lang='lat' dir='ltr'>dixisse</span> <span class='ocrx_word' id='word_1_95' title='bbox 1075 1532 1208 1607; x_wconf 86' lang='lat' dir='ltr'>„retinet</span> <span class='ocrx_word' id='word_1_96' title='bbox 1225 1532 1288 1590; x_wconf 91' lang='lat' dir='ltr'>lon·</span> 
     </span>
     <span class='ocr_line' id='line_1_13' title="bbox 269 1620 1289 1699; baseline 0.002 -21"><span class='ocrx_word' id='word_1_97' title='bbox 269 1638 383 1699; x_wconf 74' lang='lat' dir='ltr'>gaeum</span> <span class='ocrx_word' id='word_1_98' title='bbox 401 1620 551 1697; x_wconf 86' lang='lat' dir='ltr'>haruspex</span> <span class='ocrx_word' id='word_1_99' title='bbox 568 1622 633 1679; x_wconf 83' lang='lat' dir='ltr'>fata</span> <span class='ocrx_word' id='word_1_100' title='bbox 651 1640 774 1680; x_wconf 87' lang='lat' dir='ltr'>canens:</span> <span class='ocrx_word' id='word_1_101' title='bbox 797 1639 815 1679; x_wconf 95' lang='lat' dir='ltr'>o</span> <span class='ocrx_word' id='word_1_102' title='bbox 833 1620 987 1679; x_wconf 90' lang='lat' dir='ltr'>Maeoniae</span> <span class='ocrx_word' id='word_1_103' title='bbox 1007 1620 1122 1679; x_wconf 86' lang='lat' dir='ltr'>delecta</span> <span class='ocrx_word' id='word_1_104' title='bbox 1139 1621 1289 1695; x_wconf 86' lang='lat' dir='ltr'>iuventus,</span> 
     </span>
     <span class='ocr_line' id='line_1_14' title="bbox 269 1709 1290 1785; baseline 0.002 -18"><span class='ocrx_word' id='word_1_105' title='bbox 269 1709 324 1768; x_wconf 88' lang='lat' dir='ltr'>flos</span> <span class='ocrx_word' id='word_1_106' title='bbox 346 1711 482 1768; x_wconf 82' lang='lat' dir='ltr'>veterum</span> <span class='ocrx_word' id='word_1_107' title='bbox 504 1710 659 1785; x_wconf 81' lang='lat' dir='ltr'>virtusque</span> <span class='ocrx_word' id='word_1_108' title='bbox 683 1712 794 1783; x_wconf 86' lang='lat' dir='ltr'>virum,</span> <span class='ocrx_word' id='word_1_109' title='bbox 819 1727 894 1785; x_wconf 92' lang='lat' dir='ltr'>quos</span> <span class='ocrx_word' id='word_1_110' title='bbox 916 1710 1014 1768; x_wconf 90' lang='lat' dir='ltr'>iustus</span> <span class='ocrx_word' id='word_1_111' title='bbox 1036 1710 1068 1767; x_wconf 91' lang='lat' dir='ltr'>in</span> <span class='ocrx_word' id='word_1_112' title='bbox 1091 1710 1208 1769; x_wconf 89' lang='lat' dir='ltr'>hostem</span> <span class='ocrx_word' id='word_1_113' title='bbox 1230 1709 1290 1769; x_wconf 85' lang='lat' dir='ltr'>fert</span> 
     </span>
     <span class='ocr_line' id='line_1_15' title="bbox 270 1797 1288 1873; baseline 0 -16"><span class='ocrx_word' id='word_1_114' title='bbox 270 1797 357 1857; x_wconf 89' lang='lat' dir='ltr'>dolor</span> <span class='ocrx_word' id='word_1_115' title='bbox 386 1803 416 1857; x_wconf 89' lang='lat' dir='ltr'>et</span> <span class='ocrx_word' id='word_1_116' title='bbox 445 1798 553 1858; x_wconf 83' lang='lat' dir='ltr'>merita</span> <span class='ocrx_word' id='word_1_117' title='bbox 581 1799 717 1859; x_wconf 89' lang='lat' dir='ltr'>accendit</span> <span class='ocrx_word' id='word_1_118' title='bbox 745 1799 910 1858; x_wconf 85' lang='lat' dir='ltr'>Mezentius</span> <span class='ocrx_word' id='word_1_119' title='bbox 939 1798 999 1873; x_wconf 87' lang='lat' dir='ltr'>ira,</span> <span class='ocrx_word' id='word_1_120' title='bbox 1028 1799 1107 1856; x_wconf 92' lang='lat' dir='ltr'>nulli</span> <span class='ocrx_word' id='word_1_121' title='bbox 1135 1799 1182 1857; x_wconf 85' lang='lat' dir='ltr'>fas</span> <span class='ocrx_word' id='word_1_122' title='bbox 1209 1797 1288 1857; x_wconf 89' lang='lat' dir='ltr'>Italo</span> 
     </span>
     <span class='ocr_line' id='line_1_16' title="bbox 227 1885 1288 1967; baseline 0 -20"><span class='ocrx_word' id='word_1_123' title='bbox 227 1896 253 1939; x_wconf 77' lang='lat'>¹⁸</span> <span class='ocrx_word' id='word_1_124' title='bbox 269 1889 388 1966; x_wconf 77' lang='lat' dir='ltr'>tantam</span> <span class='ocrx_word' id='word_1_125' title='bbox 411 1887 587 1965; x_wconf 81' lang='lat' dir='ltr'>subiungere</span> <span class='ocrx_word' id='word_1_126' title='bbox 611 1890 742 1967; x_wconf 82' lang='lat' dir='ltr'>gentem,</span> <span class='ocrx_word' id='word_1_127' title='bbox 769 1891 906 1946; x_wconf 87' lang='lat' dir='ltr'>externos</span> <span class='ocrx_word' id='word_1_128' title='bbox 929 1889 1033 1964; x_wconf 91' lang='lat' dir='ltr'>optate</span> <span class='ocrx_word' id='word_1_129' title='bbox 1056 1885 1172 1947; x_wconf 88' lang='lat' dir='ltr'>duces.“</span> <span class='ocrx_word' id='word_1_130' title='bbox 1221 1906 1288 1947; x_wconf 91' lang='lat' dir='ltr'>ecce</span> 
     </span>
     <span class='ocr_line' id='line_1_17' title="bbox 269 1976 1289 2052; baseline 0.001 -18"><span class='ocrx_word' id='word_1_131' title='bbox 269 1976 400 2035; x_wconf 87' lang='lat' dir='ltr'>felicitas</span> <span class='ocrx_word' id='word_1_132' title='bbox 422 1976 555 2036; x_wconf 86' lang='lat' dir='ltr'>Aeneae:</span> <span class='ocrx_word' id='word_1_133' title='bbox 578 1996 638 2036; x_wconf 91' lang='lat' dir='ltr'>non</span> <span class='ocrx_word' id='word_1_134' title='bbox 662 1995 715 2036; x_wconf 91' lang='lat' dir='ltr'>suo</span> <span class='ocrx_word' id='word_1_135' title='bbox 739 1976 821 2052; x_wconf 88' lang='lat' dir='ltr'>duci,</span> <span class='ocrx_word' id='word_1_136' title='bbox 840 1976 892 2035; x_wconf 89' lang='lat' dir='ltr'>sed</span> <span class='ocrx_word' id='word_1_137' title='bbox 911 1980 1031 2036; x_wconf 86' lang='lat' dir='ltr'>externo</span> <span class='ocrx_word' id='word_1_138' title='bbox 1050 1976 1200 2037; x_wconf 84' lang='lat' dir='ltr'>commissi</span> <span class='ocrx_word' id='word_1_139' title='bbox 1218 1980 1289 2036; x_wconf 88' lang='lat' dir='ltr'>sunt</span> 
     </span>
     <span class='ocr_line' id='line_1_18' title="bbox 268 2066 1288 2144; baseline 0 -20"><span class='ocrx_word' id='word_1_140' title='bbox 268 2084 323 2124; x_wconf 90' lang='lat' dir='ltr'>nec</span> <span class='ocrx_word' id='word_1_141' title='bbox 345 2084 414 2141; x_wconf 89' lang='lat' dir='ltr'>sua,</span> <span class='ocrx_word' id='word_1_142' title='bbox 438 2068 490 2126; x_wconf 91' lang='lat' dir='ltr'>sed</span> <span class='ocrx_word' id='word_1_143' title='bbox 512 2067 636 2126; x_wconf 91' lang='lat' dir='ltr'>deorum</span> <span class='ocrx_word' id='word_1_144' title='bbox 659 2067 829 2141; x_wconf 86' lang='lat' dir='ltr'>voluntate,</span> <span class='ocrx_word' id='word_1_145' title='bbox 853 2066 907 2142; x_wconf 90' lang='lat' dir='ltr'>qui</span> <span class='ocrx_word' id='word_1_146' title='bbox 931 2068 1052 2125; x_wconf 87' lang='lat' dir='ltr'>tantum</span> <span class='ocrx_word' id='word_1_147' title='bbox 1070 2086 1106 2125; x_wconf 88' lang='lat' dir='ltr'>ex</span> <span class='ocrx_word' id='word_1_148' title='bbox 1122 2066 1288 2144; x_wconf 83' lang='lat' dir='ltr'>peregrinis</span> 
     </span>
     <span class='ocr_line' id='line_1_19' title="bbox 269 2153 1289 2232; baseline 0.001 -18"><span class='ocrx_word' id='word_1_149' title='bbox 269 2154 407 2231; x_wconf 87' lang='lat' dir='ltr'>partibus</span> <span class='ocrx_word' id='word_1_150' title='bbox 425 2156 525 2216; x_wconf 85' lang='lat' dir='ltr'>virum</span> <span class='ocrx_word' id='word_1_151' title='bbox 543 2158 703 2216; x_wconf 89' lang='lat' dir='ltr'>venturum</span> <span class='ocrx_word' id='word_1_152' title='bbox 721 2173 784 2215; x_wconf 88' lang='lat' dir='ltr'>esse</span> <span class='ocrx_word' id='word_1_153' title='bbox 803 2154 1022 2232; x_wconf 84' lang='lat' dir='ltr'>praedixerant.</span> <span class='ocrx_word' id='word_1_154' title='bbox 1049 2153 1163 2215; x_wconf 78' lang='lat' dir='ltr'>Aeneia</span> <span class='ocrx_word' id='word_1_155' title='bbox 1176 2157 1289 2230; x_wconf 62' lang='lat' dir='ltr'>mappis</span> 
     </span>
     <span class='ocr_line' id='line_1_20' title="bbox 264 2245 1290 2320; baseline 0.001 -16"><span class='ocrx_word' id='word_1_156' title='bbox 264 2246 369 2318; x_wconf 75' lang='lat' dir='ltr'>primo</span> <span class='ocrx_word' id='word_1_157' title='bbox 391 2249 476 2312; x_wconf 76' lang='lat' dir='ltr'>tecet,</span> <span class='ocrx_word' id='word_1_158' title='bbox 499 2250 593 2304; x_wconf 78' lang='lat' dir='ltr'>rostro</span> <span class='ocrx_word' id='word_1_159' title='bbox 615 2246 757 2320; x_wconf 72' lang='lat' dir='ltr'>Pbryqrbs</span> <span class='ocrx_word' id='word_1_160' title='bbox 779 2247 936 2304; x_wconf 80' lang='lat' dir='ltr'>subiuncta</span> <span class='ocrx_word' id='word_1_161' title='bbox 959 2247 1066 2314; x_wconf 80' lang='lat' dir='ltr'>leones,</span> <span class='ocrx_word' id='word_1_162' title='bbox 1090 2247 1213 2304; x_wconf 76' lang='lat' dir='ltr'>inminet</span> <span class='ocrx_word' id='word_1_163' title='bbox 1229 2245 1290 2305; x_wconf 83' lang='lat' dir='ltr'>Ida</span> 
     </span>
     <span class='ocr_line' id='line_1_21' title="bbox 223 2335 1289 2412; baseline 0.006 -24"><span class='ocrx_word' id='word_1_164' title='bbox 223 2340 254 2387; x_wconf 65' lang='lat' dir='ltr'>io</span> <span class='ocrx_word' id='word_1_165' title='bbox 269 2351 359 2408; x_wconf 78' lang='lat' dir='ltr'>super</span> <span class='ocrx_word' id='word_1_166' title='bbox 372 2335 511 2408; x_wconf 60' lang='lat' dir='ltr'>profecte</span> <span class='ocrx_word' id='word_1_167' title='bbox 526 2335 699 2408; x_wconf 65' lang='lat' dir='ltr'>cratissima</span> <span class='ocrx_word' id='word_1_168' title='bbox 718 2335 854 2393; x_wconf 80' lang='lat' dir='ltr'>Teucris:</span> <span class='ocrx_word' id='word_1_169' title='bbox 871 2336 969 2410; x_wconf 90' lang='lat' dir='ltr'>primo</span> <span class='ocrx_word' id='word_1_170' title='bbox 983 2335 1062 2409; x_wconf 83' lang='lat' dir='ltr'>loco,</span> <span class='ocrx_word' id='word_1_171' title='bbox 1076 2335 1188 2412; x_wconf 87' lang='lat' dir='ltr'>inquit,</span> <span class='ocrx_word' id='word_1_172' title='bbox 1202 2336 1289 2394; x_wconf 86' lang='lat' dir='ltr'>navis</span> 
     </span>
     <span class='ocr_line' id='line_1_22' title="bbox 269 2423 1289 2500; baseline 0.002 -18"><span class='ocrx_word' id='word_1_173' title='bbox 269 2425 406 2483; x_wconf 86' lang='lat' dir='ltr'>moverat</span> <span class='ocrx_word' id='word_1_174' title='bbox 422 2423 455 2481; x_wconf 93' lang='lat' dir='ltr'>in</span> <span class='ocrx_word' id='word_1_175' title='bbox 474 2441 538 2500; x_wconf 85' lang='lat' dir='ltr'>qua</span> <span class='ocrx_word' id='word_1_176' title='bbox 552 2423 668 2482; x_wconf 83' lang='lat' dir='ltr'>Aeneas</span> <span class='ocrx_word' id='word_1_177' title='bbox 687 2423 747 2482; x_wconf 90' lang='lat' dir='ltr'>fuit</span> <span class='ocrx_word' id='word_1_178' title='bbox 763 2423 877 2482; x_wconf 88' lang='lat' dir='ltr'>habens</span> <span class='ocrx_word' id='word_1_179' title='bbox 890 2425 923 2482; x_wconf 91' lang='lat' dir='ltr'>in</span> <span class='ocrx_word' id='word_1_180' title='bbox 937 2428 1034 2483; x_wconf 88' lang='lat' dir='ltr'>rostro</span> <span class='ocrx_word' id='word_1_181' title='bbox 1049 2424 1147 2482; x_wconf 90' lang='lat' dir='ltr'>leones</span> <span class='ocrx_word' id='word_1_182' title='bbox 1161 2425 1289 2498; x_wconf 85' lang='lat' dir='ltr'>iunctos,</span> 
     </span>
     <span class='ocr_line' id='line_1_23' title="bbox 271 2510 1289 2590; baseline -0.001 -19"><span class='ocrx_word' id='word_1_183' title='bbox 271 2511 351 2589; x_wconf 89' lang='lat' dir='ltr'>quod</span> <span class='ocrx_word' id='word_1_184' title='bbox 381 2514 444 2571; x_wconf 89' lang='lat' dir='ltr'>erat</span> <span class='ocrx_word' id='word_1_185' title='bbox 471 2513 591 2590; x_wconf 79' lang='lat' dir='ltr'>signum</span> <span class='ocrx_word' id='word_1_186' title='bbox 619 2512 731 2571; x_wconf 89' lang='lat' dir='ltr'>tutelae</span> <span class='ocrx_word' id='word_1_187' title='bbox 761 2514 868 2572; x_wconf 84' lang='lat' dir='ltr'>matris</span> <span class='ocrx_word' id='word_1_188' title='bbox 896 2512 993 2571; x_wconf 89' lang='lat' dir='ltr'>deum.</span> <span class='ocrx_word' id='word_1_189' title='bbox 1038 2510 1093 2570; x_wconf 90' lang='lat' dir='ltr'>Ida</span> <span class='ocrx_word' id='word_1_190' title='bbox 1116 2531 1235 2588; x_wconf 89' lang='lat' dir='ltr'>quoque</span> <span class='ocrx_word' id='word_1_191' title='bbox 1257 2514 1289 2570; x_wconf 90' lang='lat' dir='ltr'>in</span> 
     </span>
     <span class='ocr_line' id='line_1_24' title="bbox 270 2601 1289 2678; baseline -0.002 -17"><span class='ocrx_word' id='word_1_192' title='bbox 270 2602 423 2678; x_wconf 83' lang='lat' dir='ltr'>superiore</span> <span class='ocrx_word' id='word_1_193' title='bbox 446 2602 511 2660; x_wconf 93' lang='lat' dir='ltr'>loco</span> <span class='ocrx_word' id='word_1_194' title='bbox 535 2601 595 2660; x_wconf 81' lang='lat' dir='ltr'>fuit</span> <span class='ocrx_word' id='word_1_195' title='bbox 617 2620 756 2677; x_wconf 88' lang='lat' dir='ltr'>expressa</span> <span class='ocrx_word' id='word_1_196' title='bbox 779 2605 903 2678; x_wconf 90' lang='lat' dir='ltr'>propter</span> <span class='ocrx_word' id='word_1_197' title='bbox 926 2602 1072 2678; x_wconf 84' lang='lat' dir='ltr'>originem</span> <span class='ocrx_word' id='word_1_198' title='bbox 1089 2602 1234 2660; x_wconf 85' lang='lat' dir='ltr'>materiae</span> <span class='ocrx_word' id='word_1_199' title='bbox 1254 2621 1289 2659; x_wconf 92' lang='lat' dir='ltr'>ex</span> 
     </span>
     <span class='ocr_line' id='line_1_25' title="bbox 270 2690 1289 2768; baseline -0.002 -19"><span class='ocrx_word' id='word_1_200' title='bbox 270 2709 332 2768; x_wconf 92' lang='lat' dir='ltr'>qua</span> <span class='ocrx_word' id='word_1_201' title='bbox 355 2690 455 2749; x_wconf 86' lang='lat' dir='ltr'>fuerat</span> <span class='ocrx_word' id='word_1_202' title='bbox 477 2691 558 2750; x_wconf 83' lang='lat' dir='ltr'>facta</span> <span class='ocrx_word' id='word_1_203' title='bbox 581 2690 669 2749; x_wconf 87' lang='lat' dir='ltr'>etad</span> <span class='ocrx_word' id='word_1_204' title='bbox 692 2690 891 2750; x_wconf 85' lang='lat' dir='ltr'>Troianorum</span> <span class='ocrx_word' id='word_1_205' title='bbox 914 2691 1071 2762; x_wconf 90' lang='lat' dir='ltr'>solacium,</span> <span class='ocrx_word' id='word_1_206' title='bbox 1099 2692 1135 2748; x_wconf 93' lang='lat' dir='ltr'>ut</span> <span class='ocrx_word' id='word_1_207' title='bbox 1157 2691 1289 2766; x_wconf 82' lang='lat' dir='ltr'>patrium</span> 
     </span>
     <span class='ocr_line' id='line_1_26' title="bbox 223 2778 1287 2856; baseline -0.002 -18"><span class='ocrx_word' id='word_1_208' title='bbox 223 2783 255 2832; x_wconf 58' lang='grc' dir='ltr'>’ὅ</span> <span class='ocrx_word' id='word_1_209' title='bbox 269 2782 402 2839; x_wconf 89' lang='lat' dir='ltr'>montem</span> <span class='ocrx_word' id='word_1_210' title='bbox 438 2798 540 2839; x_wconf 89' lang='lat' dir='ltr'>secum</span> <span class='ocrx_word' id='word_1_211' title='bbox 576 2780 684 2839; x_wconf 90' lang='lat' dir='ltr'>habere</span> <span class='ocrx_word' id='word_1_212' title='bbox 721 2779 895 2839; x_wconf 84' lang='lat' dir='ltr'>viderentur</span> <span class='ocrx_word' id='word_1_213' title='bbox 931 2779 1022 2855; x_wconf 91' lang='lat' dir='ltr'>positi</span> <span class='ocrx_word' id='word_1_214' title='bbox 1052 2780 1085 2837; x_wconf 90' lang='lat' dir='ltr'>in</span> <span class='ocrx_word' id='word_1_215' title='bbox 1117 2778 1287 2856; x_wconf 84' lang='lat' dir='ltr'>regionibus</span> 
     </span>
     <span class='ocr_line' id='line_1_27' title="bbox 270 2865 1286 2942; baseline -0.003 -14"><span class='ocrx_word' id='word_1_216' title='bbox 270 2867 386 2928; x_wconf 83' lang='lat' dir='ltr'>alienis.</span> <span class='ocrx_word' id='word_1_217' title='bbox 431 2869 478 2928; x_wconf 78' lang='lat' dir='ltr'>bic</span> <span class='ocrx_word' id='word_1_218' title='bbox 504 2887 630 2942; x_wconf 69' lang='lat' dir='ltr'>moyseus</span> <span class='ocrx_word' id='word_1_219' title='bbox 657 2869 735 2928; x_wconf 83' lang='lat' dir='ltr'>sedet</span> <span class='ocrx_word' id='word_1_220' title='bbox 760 2865 893 2927; x_wconf 78' lang='lat' dir='ltr'>Aeneas:</span> <span class='ocrx_word' id='word_1_221' title='bbox 920 2868 969 2928; x_wconf 93' lang='lat' dir='ltr'>hic</span> <span class='ocrx_word' id='word_1_222' title='bbox 996 2868 1052 2926; x_wconf 93' lang='lat' dir='ltr'>hoc</span> <span class='ocrx_word' id='word_1_223' title='bbox 1080 2870 1126 2926; x_wconf 90' lang='lat' dir='ltr'>est</span> <span class='ocrx_word' id='word_1_224' title='bbox 1152 2868 1185 2925; x_wconf 94' lang='lat' dir='ltr'>in</span> <span class='ocrx_word' id='word_1_225' title='bbox 1212 2886 1286 2926; x_wconf 82' lang='lat' dir='ltr'>nave</span> 
     </span>
     <span class='ocr_line' id='line_1_28' title="bbox 270 2956 1287 3035; baseline -0.003 -18"><span class='ocrx_word' id='word_1_226' title='bbox 270 2976 348 3034; x_wconf 88' lang='lat' dir='ltr'>quae</span> <span class='ocrx_word' id='word_1_227' title='bbox 371 2956 459 3016; x_wconf 88' lang='lat' dir='ltr'>Idam</span> <span class='ocrx_word' id='word_1_228' title='bbox 480 2957 587 3016; x_wconf 85' lang='lat' dir='ltr'>habuit</span> <span class='ocrx_word' id='word_1_229' title='bbox 609 2962 639 3017; x_wconf 89' lang='lat' dir='ltr'>et</span> <span class='ocrx_word' id='word_1_230' title='bbox 661 2958 769 3016; x_wconf 89' lang='lat' dir='ltr'>leones.</span> <span class='ocrx_word' id='word_1_231' title='bbox 815 2976 959 3035; x_wconf 82' lang='lat' dir='ltr'>magnum</span> <span class='ocrx_word' id='word_1_232' title='bbox 986 2957 1043 3015; x_wconf 91' lang='lat' dir='ltr'>hoc</span> <span class='ocrx_word' id='word_1_233' title='bbox 1072 2957 1137 3016; x_wconf 90' lang='lat' dir='ltr'>loco</span> <span class='ocrx_word' id='word_1_234' title='bbox 1166 2956 1287 3014; x_wconf 81' lang='lat' dir='ltr'>Aenean</span> 
     </span>
     <span class='ocr_line' id='line_1_29' title="bbox 270 3045 1288 3124; baseline -0.003 -19"><span class='ocrx_word' id='word_1_235' title='bbox 270 3045 348 3105; x_wconf 87' lang='lat' dir='ltr'>dixit</span> <span class='ocrx_word' id='word_1_236' title='bbox 373 3047 478 3123; x_wconf 86' lang='lat' dir='ltr'>magni</span> <span class='ocrx_word' id='word_1_237' title='bbox 505 3046 623 3105; x_wconf 90' lang='lat' dir='ltr'>consilii</span> <span class='ocrx_word' id='word_1_238' title='bbox 651 3065 889 3124; x_wconf 80' lang='lat' dir='ltr'>magnarumque</span> <span class='ocrx_word' id='word_1_239' title='bbox 919 3045 1143 3124; x_wconf 80' lang='lat' dir='ltr'>cogitationum.</span> <span class='ocrx_word' id='word_1_240' title='bbox 1180 3063 1288 3105; x_wconf 84' lang='lat' dir='ltr'>secum-</span> 
     </span>
     <span class='ocr_line' id='line_1_30' title="bbox 270 3134 1349 3208; baseline -0.002 -16"><span class='ocrx_word' id='word_1_241' title='bbox 270 3152 325 3207; x_wconf 71' lang='lat' dir='ltr'>que</span> <span class='ocrx_word' id='word_1_242' title='bbox 356 3135 468 3193; x_wconf 73' lang='lat' dir='ltr'>sobriat</span> <span class='ocrx_word' id='word_1_243' title='bbox 499 3139 615 3193; x_wconf 80' lang='lat' dir='ltr'>eventus</span> <span class='ocrx_word' id='word_1_244' title='bbox 647 3136 714 3195; x_wconf 78' lang='lat' dir='ltr'>belli</span> <span class='ocrx_word' id='word_1_245' title='bbox 744 3137 859 3194; x_wconf 76' lang='lat' dir='ltr'>corios:</span> <span class='ocrx_word' id='word_1_246' title='bbox 888 3154 953 3194; x_wconf 91' lang='lat' dir='ltr'>ecce</span> <span class='ocrx_word' id='word_1_247' title='bbox 984 3134 1059 3192; x_wconf 83' lang='lat' dir='ltr'>dixit</span> <span class='ocrx_word' id='word_1_248' title='bbox 1088 3152 1224 3208; x_wconf 87' lang='lat' dir='ltr'>causam,</span> <span class='ocrx_word' id='word_1_249' title='bbox 1253 3137 1349 3192; x_wconf 81' lang='lat' dir='ltr'>utlco</span> 
     </span>
     <span class='ocr_line' id='line_1_31' title="bbox 224 3223 1288 3302; baseline 0.004 -25"><span class='ocrx_word' id='word_1_250' title='bbox 224 3229 254 3277; x_wconf 64' lang='lat' dir='ltr'>to</span> <span class='ocrx_word' id='word_1_251' title='bbox 270 3223 440 3283; x_wconf 81' lang='lat' dir='ltr'>ostenderet</span> <span class='ocrx_word' id='word_1_252' title='bbox 472 3240 524 3282; x_wconf 90' lang='lat' dir='ltr'>cur</span> <span class='ocrx_word' id='word_1_253' title='bbox 556 3223 652 3284; x_wconf 91' lang='lat' dir='ltr'>dictus</span> <span class='ocrx_word' id='word_1_254' title='bbox 685 3225 725 3282; x_wconf 89' lang='lat' dir='ltr'>sit</span> <span class='ocrx_word' id='word_1_255' title='bbox 753 3225 871 3283; x_wconf 84' lang='lat' dir='ltr'>Aeneas</span> <span class='ocrx_word' id='word_1_256' title='bbox 904 3243 1045 3302; x_wconf 85' lang='lat' dir='ltr'>magnus:</span> <span class='ocrx_word' id='word_1_257' title='bbox 1082 3223 1179 3299; x_wconf 88' lang='lat' dir='ltr'>primo</span> <span class='ocrx_word' id='word_1_258' title='bbox 1217 3223 1288 3298; x_wconf 90' lang='lat' dir='ltr'>quia</span> 
     </span>
    </p>
   </div>
   <div class='ocr_carea' id='block_1_3' title="bbox 267 3427 1291 3926">
    <p class='ocr_par' dir='ltr' id='par_1_3' title="bbox 267 3427 1291 3926">
     <span class='ocr_line' id='line_1_32' title="bbox 343 3427 1289 3497; baseline 0 -17"><span class='ocrx_word' id='word_1_259' title='bbox 343 3430 453 3483; x_wconf 69' lang='lat' dir='ltr'>lomet</span> <span class='ocrx_word' id='word_1_260' title='bbox 466 3427 518 3480; x_wconf 85' lang='lat' dir='ltr'>VR</span> <span class='ocrx_word' id='word_1_261' title='bbox 535 3444 639 3482; x_wconf 78' lang='lat' dir='ltr'>omnem</span> <span class='ocrx_word' id='word_1_262' title='bbox 658 3429 701 3482; x_wconf 87' lang='lat' dir='ltr'>ed.</span> <span class='ocrx_word' id='word_1_263' title='bbox 775 3430 883 3497; x_wconf 75' lang='lat' dir='ltr'>2quod</span> <span class='ocrx_word' id='word_1_264' title='bbox 897 3428 948 3482; x_wconf 86' lang='lat' dir='ltr'>VR</span> <span class='ocrx_word' id='word_1_265' title='bbox 966 3446 1035 3497; x_wconf 81' lang='lat' dir='ltr'>quoe</span> <span class='ocrx_word' id='word_1_266' title='bbox 1054 3428 1096 3483; x_wconf 88' lang='lat' dir='ltr'>ed.</span> <span class='ocrx_word' id='word_1_267' title='bbox 1176 3429 1289 3496; x_wconf 72' lang='lat' dir='ltr'>tiuuyi</span> 
     </span>
     <span class='ocr_line' id='line_1_33' title="bbox 269 3497 1288 3582; baseline -0.001 -29"><span class='ocrx_word' id='word_1_268' title='bbox 269 3497 329 3553; x_wconf 89' lang='lat' dir='ltr'>VR.</span> <span class='ocrx_word' id='word_1_269' title='bbox 408 3505 426 3552; x_wconf 84' lang='lat'>4</span> <span class='ocrx_word' id='word_1_270' title='bbox 448 3499 558 3568; x_wconf 79' lang='lat' dir='ltr'>profuit</span> <span class='ocrx_word' id='word_1_271' title='bbox 574 3499 600 3551; x_wconf 92' lang='lat' dir='ltr'><strong>R</strong></span> <span class='ocrx_word' id='word_1_272' title='bbox 623 3502 716 3567; x_wconf 82' lang='lat' dir='ltr'>posuit</span> <span class='ocrx_word' id='word_1_273' title='bbox 733 3499 759 3553; x_wconf 89' lang='lat' dir='ltr'><strong>V</strong></span> <span class='ocrx_word' id='word_1_274' title='bbox 779 3500 822 3553; x_wconf 89' lang='lat' dir='ltr'>ed.</span> <span class='ocrx_word' id='word_1_275' title='bbox 852 3500 858 3582; x_wconf 56' lang='lat' dir='ltr'>p</span> <span class='ocrx_word' id='word_1_276' title='bbox 886 3502 1012 3555; x_wconf 68' lang='lat' dir='ltr'>nemisse</span> <span class='ocrx_word' id='word_1_277' title='bbox 1025 3500 1076 3553; x_wconf 87' lang='lat' dir='ltr'>VR</span> <span class='ocrx_word' id='word_1_278' title='bbox 1094 3501 1166 3553; x_wconf 78' lang='lat' dir='ltr'>iuter</span> <span class='ocrx_word' id='word_1_279' title='bbox 1184 3515 1228 3553; x_wconf 84' lang='lat' dir='ltr'>cos</span> <span class='ocrx_word' id='word_1_280' title='bbox 1245 3498 1288 3552; x_wconf 87' lang='lat' dir='ltr'>ed.</span> 
     </span>
     <span class='ocr_line' id='line_1_34' title="bbox 270 3569 1288 3640; baseline -0.003 -15"><span class='ocrx_word' id='word_1_281' title='bbox 270 3570 414 3627; x_wconf 72' lang='lat' dir='ltr'>bombat</span> <span class='ocrx_word' id='word_1_282' title='bbox 430 3571 596 3624; x_wconf 79' lang='lat' dir='ltr'>desiderium</span> <span class='ocrx_word' id='word_1_283' title='bbox 608 3569 660 3623; x_wconf 86' lang='lat' dir='ltr'>VR</span> <span class='ocrx_word' id='word_1_284' title='bbox 683 3578 828 3640; x_wconf 71' lang='lat' dir='ltr'>utrumque</span> <span class='ocrx_word' id='word_1_285' title='bbox 850 3571 1046 3639; x_wconf 88' lang='lat' dir='ltr'>1nterpos.ed.</span> <span class='ocrx_word' id='word_1_286' title='bbox 1120 3571 1223 3636; x_wconf 68' lang='lat' dir='ltr'>‘isatis</span> <span class='ocrx_word' id='word_1_287' title='bbox 1245 3569 1288 3624; x_wconf 89' lang='lat' dir='ltr'>ed.</span> 
     </span>
     <span class='ocr_line' id='line_1_35' title="bbox 271 3640 1288 3713; baseline -0.003 -17"><span class='ocrx_word' id='word_1_288' title='bbox 271 3647 305 3696; x_wconf 74' lang='lat'>12</span> <span class='ocrx_word' id='word_1_289' title='bbox 322 3643 479 3697; x_wconf 80' lang='lat' dir='ltr'>omceonioc</span> <span class='ocrx_word' id='word_1_290' title='bbox 496 3642 522 3694; x_wconf 99' lang='lat' dir='ltr'><strong>R</strong></span> <span class='ocrx_word' id='word_1_291' title='bbox 545 3643 683 3697; x_wconf 79' lang='lat' dir='ltr'>omocuiac</span> <span class='ocrx_word' id='word_1_292' title='bbox 696 3642 729 3696; x_wconf 87' lang='lat' dir='ltr'>V.</span> <span class='ocrx_word' id='word_1_293' title='bbox 759 3642 762 3713; x_wconf 63' lang='lat' dir='ltr'>t</span> <span class='ocrx_word' id='word_1_294' title='bbox 790 3642 1153 3696; x_wconf 79' lang='lat' dir='ltr'>oMaeooiae-loduees</span> <span class='ocrx_word' id='word_1_295' title='bbox 1171 3658 1224 3694; x_wconf 91' lang='lat' dir='ltr'>om.</span> <span class='ocrx_word' id='word_1_296' title='bbox 1245 3640 1288 3694; x_wconf 89' lang='lat' dir='ltr'>ed.</span> 
     </span>
     <span class='ocr_line' id='line_1_36' title="bbox 268 3711 1289 3782; baseline -0.002 -15"><span class='ocrx_word' id='word_1_297' title='bbox 268 3711 432 3767; x_wconf 88' lang='lat' dir='ltr'>substitutis</span> <span class='ocrx_word' id='word_1_298' title='bbox 450 3713 542 3766; x_wconf 84' lang='lat' dir='ltr'>verbis</span> <span class='ocrx_word' id='word_1_299' title='bbox 561 3719 586 3767; x_wconf 79' lang='lat' dir='ltr'>et</span> <span class='ocrx_word' id='word_1_300' title='bbox 601 3713 687 3780; x_wconf 77' lang='lat' dir='ltr'>ptura</span> <span class='ocrx_word' id='word_1_301' title='bbox 704 3730 773 3781; x_wconf 80' lang='lat' dir='ltr'>quac</span> <span class='ocrx_word' id='word_1_302' title='bbox 792 3720 951 3782; x_wconf 76' lang='lat' dir='ltr'>sequuntur.</span> <span class='ocrx_word' id='word_1_303' title='bbox 1026 3717 1058 3766; x_wconf 81' lang='grc'>19</span> <span class='ocrx_word' id='word_1_304' title='bbox 1076 3711 1170 3782; x_wconf 73' lang='lat' dir='ltr'>fryoio</span> <span class='ocrx_word' id='word_1_305' title='bbox 1187 3712 1213 3764; x_wconf 97' lang='lat' dir='ltr'><strong>R</strong></span> <span class='ocrx_word' id='word_1_306' title='bbox 1229 3711 1289 3781; x_wconf 77' lang='lat' dir='ltr'>fry-</span> 
     </span>
     <span class='ocr_line' id='line_1_37' title="bbox 267 3781 1291 3926; baseline -0.001 -15"><span class='ocrx_word' id='word_1_307' title='bbox 267 3783 661 3926; x_wconf 49' lang='lat' dir='ltr'>ffieiroticrsddmltardciitro</span> <span class='ocrx_word' id='word_1_308' title='bbox 678 3784 890 3910; x_wconf 47' lang='lat' dir='ltr'>thogorfupcs</span> <span class='ocrx_word' id='word_1_309' title='bbox 903 3784 1222 3913; x_wconf 48' lang='lat' dir='ltr'>ithutocbdiiitmmt</span> <span class='ocrx_word' id='word_1_310' title='bbox 1238 3781 1291 3836; x_wconf 68' lang='lat' dir='ltr'>VR</span> 
     </span>
    </p>
   </div>
   <div class='ocr_carea' id='block_1_4' title="bbox 0 0 1576 4375">
    <p class='ocr_par' dir='ltr' id='par_1_4' title="bbox 0 0 1576 4375">
     <span class='ocr_line' id='line_1_38' title="bbox 0 0 1576 4375; baseline 0 2"><span class='ocrx_word' id='word_1_311' title='bbox 0 0 1576 4375; x_wconf 95' lang='lat' dir='ltr'> </span> 
     </span>
    </p>
   </div>
  </div>
 </body>
</html>
