3142 4375
633 496 817 553 AENsmos
836 496 888 550 XII
1204 502 1268 567 611

251 667 329 725 mica
350 668 544 727 multitudine
567 672 598 727 et
615 669 693 727 inter
710 670 757 726 tot
780 684 815 725 ac
833 666 904 725 talis
923 665 1030 725 terrori
1048 667 1185 726 omnibus
1203 667 1270 730 fuit.

251 759 366 831 quanta
388 757 455 817 laus
479 760 606 817 estnon
628 758 732 816 timere
760 754 856 817 omnis
880 757 910 814 et
933 755 971 815 ab
998 756 1135 815 omnibus
1162 757 1270 816 metuit

250 862 370 904 saecum
396 847 478 905 cette
503 847 671 905 discrimine
698 844 814 905 caedem
840 845 963 903 susetct
983 844 1154 919 ieceratque
1175 847 1270 906 mnne

251 935 374 1007 effendit
386 936 531 995 habenas:
549 954 640 1012 supra
658 934 735 994 dixit
748 933 831 1011 quod
847 934 945 993 solum
960 933 1094 993 turnum
1111 936 1150 994 ad
1168 954 1270 995 necem

215 1038 230 1080 s
250 1027 422 1100 quaereret,
445 1024 581 1085 caederet
598 1025 728 1083 nulium:
751 1041 844 1098 nuno,
867 1022 926 1098 ait,
950 1022 1093 1099 quoniam
1115 1024 1192 1083 illud
1210 1044 1270 1083 non

249 1115 401 1188 provenit,
425 1113 589 1189 aliquando
607 1116 708 1173 tamen
726 1115 892 1173 commotus
906 1111 1020 1189 passim
1037 1116 1130 1188 atque
1148 1114 1270 1175 confuse

248 1202 402 1262 sternebat
417 1220 620 1280 quoscumque
633 1202 815 1279 repperisset
827 1201 944 1259 nullum
959 1201 1072 1280 eligens
1091 1201 1130 1260 ad
1144 1206 1270 1263 mortem

247 1290 425 1369 nullumque
434 1294 650 1369 praesternens,
663 1293 783 1350 tantum
799 1293 989 1350 consenserat
1000 1290 1174 1350 iracundiae
1188 1312 1272 1368 suae,

247 1381 284 1437 ut
306 1379 397 1439 nullis
420 1382 483 1439 iam
500 1381 624 1440 retineri
646 1380 770 1439 nexibus
793 1383 903 1456 posset.

194 1484 228 1526 ιο
322 1468 395 1543 Quis
420 1470 493 1528 miti
517 1488 598 1529 cane
626 1473 666 1528 tet
695 1470 801 1529 acerbe
827 1470 912 1537 deus,
942 1472 982 1527 tot
1011 1469 1140 1527 carmine
1167 1469 1331 1536 caedessoc

247 1556 381 1616 diversas
403 1559 566 1633 obitumque
588 1559 708 1627 danem
737 1575 808 1632 quos
835 1574 958 1632 accam
985 1561 1040 1616 teto
1068 1558 1155 1631 inpete
1178 1560 1269 1617 vicem

245 1663 327 1704 nune
350 1647 471 1706 Turnus
493 1650 553 1723 epit
575 1665 655 1707 auec
678 1648 786 1706 Troius
807 1647 903 1715 teos,
928 1647 1076 1719 enpedtet?
1109 1646 1194 1723 deus,
1222 1648 1268 1706 in-

246 1735 328 1810 quit,
351 1754 430 1795 nunc
453 1739 499 1795 est
521 1736 718 1811 necessarius,
742 1734 796 1795 sed
818 1736 885 1812 quis
909 1735 950 1794 sit
971 1734 1028 1795 iste
1051 1735 1186 1795 invenire
1208 1755 1268 1795 non

244 1841 379 1900 possum,
393 1844 453 1900 quo
467 1825 591 1885 iuvante
604 1827 723 1886 valeam
737 1826 884 1901 conplecti
899 1826 1028 1900 quantos
1043 1825 1131 1884 duces
1141 1825 1268 1902 Turnus,

194 1926 225 1970 rs
245 1914 374 1988 quantos
404 1912 520 1974 Aeneas
551 1914 667 1974 occidit.
704 1917 806 1973 tanen
830 1914 947 1987 placuit
977 1931 1148 1973 concurrere
1179 1919 1267 1984 metu,

244 2001 390 2075 Iuppiter,
414 2006 534 2062 auena
553 2004 648 2077 peretto
669 2004 703 2062 te
721 2020 797 2075 pace
818 2003 955 2076 futuras!
981 2003 1150 2062 necessario
1173 2004 1267 2062 excla-

243 2092 340 2149 matio
370 2095 477 2167 poetae
504 2092 680 2152 admirantis
711 2091 834 2150 deorum
865 2091 1060 2166 iniquitatem
1089 2092 1143 2168 qui
1171 2093 1267 2169 patie-

243 2178 356 2240 bantur
377 2181 410 2238 in
433 2180 580 2240 alternam
603 2180 764 2258 perniciem
787 2181 884 2259 gentis
908 2179 1030 2240 tendere
1057 2182 1090 2239 in
1115 2183 1267 2242 aeternam

244 2272 388 2330 venturas
410 2272 644 2348 perpetuamque
668 2270 865 2330 concordiam.
897 2268 1017 2330 Aeaeus
1035 2271 1180 2331 Rutulum
1196 2271 1328 2336 Suc-506

194 2372 224 2415 so
242 2375 344 2416 recem
368 2359 418 2432 (ea
436 2360 538 2432 prime
559 2360 671 2418 ruentis
690 2377 795 2434 papea
822 2360 881 2418 leco
906 2362 1009 2419 statutt
1033 2361 1174 2435 Tereos)
1195 2362 1268 2421 taut

242 2447 338 2506 mutto
350 2453 513 2506 morantem
527 2449 676 2522 occipitia
689 2448 768 2508 tetes
782 2452 809 2506 et
821 2466 881 2523 quc
893 2450 960 2521 fcta
973 2449 1126 2509 celerrima
1144 2451 1267 2509 eadum

243 2537 423 2611 transcdtpit
444 2541 538 2596 costas
562 2541 587 2595 et
606 2538 694 2596 eretis
708 2539 835 2611 pectoris
853 2554 964 2597 ensem:
985 2538 1198 2615 interpositum
1222 2542 1267 2598 est

242 2643 280 2684 ea
302 2627 401 2702 prima
422 2625 536 2685 ruentis
559 2645 663 2704 pugna
684 2626 750 2686 loco
773 2627 883 2685 statuit
905 2627 1048 2687 Teucros:
1071 2646 1139 2686 cum
1160 2647 1265 2705 prope·

241 2717 358 2788 rorent,
376 2716 489 2790 inquit,
507 2716 540 2772 in
557 2715 690 2774 hostium
709 2714 830 2774 caedem
846 2715 982 2792 Troiani,
1005 2716 1049 2775 ibi
1067 2717 1267 2776 constiterunt

194 2815 224 2861 tt
243 2802 295 2864 ubi
323 2802 440 2862 Aeneas
465 2803 612 2862 Rutulum
636 2802 798 2862 Sucronem
826 2804 949 2880 occidit3
981 2825 1051 2864 nam
1082 2823 1142 2863 uon
1168 2806 1266 2864 multa

240 2911 328 2951 mora
350 2891 531 2968 interposita
557 2894 674 2967 excepit
701 2913 768 2951 eum
795 2893 827 2950 in
854 2894 934 2952 latus
959 2897 989 2951 et
1012 2913 1072 2969 qua
1094 2896 1180 2970 parte
1204 2913 1266 2953 cor-

240 2982 324 3058 poris
347 2981 411 3057 peti
433 2980 598 3057 expeditius
621 2981 723 3057 potuit
744 2983 812 3058 ipsa
839 3001 908 3040 eum
930 2984 1090 3058 percussit3
1120 3002 1191 3041 nam
1213 3003 1267 3060 per

240 3071 322 3130 latus
347 3072 377 3128 ot
400 3071 497 3129 costas
520 3069 645 3128 traiecto
669 3089 737 3129 ense
762 3089 829 3128 eum
849 3070 1022 3147 prostravit.
1054 3071 1266 3149 interpositum

240 3158 372 3218 diximus
395 3177 431 3217 ea
453 3157 552 3235 prima
569 3160 689 3218 ruentis
707 3178 810 3237 pugna
828 3159 893 3218 loco
912 3161 1023 3220 statuit
1040 3161 1182 3236 Teucros,
1206 3180 1265 3239 quo

194 3260 222 3303 so
239 3249 322 3308 facto
342 3247 473 3306 divisum
492 3249 610 3306 constat
627 3267 721 3306 unum
739 3266 873 3322 sensum,
896 3266 951 3307 uos
970 3248 1030 3308 isto
1050 3249 1202 3309 subtracto
1219 3249 1265 3308 in·

314 3459 330 3506 2
353 3453 445 3507 timeri
464 3450 490 3503 V
512 3453 604 3506 timere
627 3453 670 3506 ed
699 3453 702 3524 t
732 3455 822 3507 omnis
848 3470 901 3507 om.
924 3454 967 3508 ed.
1042 3459 1058 3507 ὀ
1081 3462 1202 3522 quereret
1225 3473 1263 3510 ce·

238 3522 354 3580 deretV
372 3539 407 3577 ae
424 3523 557 3590 inter-pos.
573 3523 616 3576 ed.
673 3524 816 3577 taedam
829 3523 855 3577 V
874 3531 957 3579 antec
974 3543 1001 3579 a.
1022 3525 1092 3579 edF.
1149 3532 1264 3595 Speus-

237 3603 363 3652 etereeas
383 3592 409 3646 V
429 3599 605 3662 prestamus
627 3593 670 3646 ed.
751 3599 785 3648 10
809 3601 848 3649 tot
870 3598 992 3651 carmine
1005 3596 1031 3649 V
1050 3598 1112 3666 qaia
1130 3614 1152 3652 e.
1172 3597 1216 3653 ed.
1236 3601 1264 3652 et

237 3666 324 3735 Verg.
351 3663 418 3718 libri
445 3663 641 3732 interpretatio
667 3664 784 3719 dubium
809 3665 953 3735 relinquit.
1035 3674 1068 3722 12
1094 3669 1218 3738 expediet
1238 3669 1264 3722 V

237 3737 369 3806 expediat
387 3735 431 3788 ed.
451 3737 480 3789 et
497 3733 581 3804 Verg.
600 3733 674 3791 libri.
738 3742 772 3790 21
793 3739 900 3806 excepit
917 3739 992 3792 infra
1011 3745 1072 3807 612,
1087 3746 1103 3793 2
1123 3742 1226 3810 excipit
1237 3740 1263 3793 V

237 3809 325 3878 eripit
344 3806 388 3861 ed.
461 3810 497 3859 24
515 3806 752 3861 emetitaeruetV
769 3824 838 3862 corr.
856 3809 900 3864 ed.
974 3815 1008 3864 26
1027 3818 1054 3866 et
1070 3810 1263 3879 wnpcmV

237 3895 273 3934 ee
291 3895 348 3948 que
364 3892 428 3932 cero
439 3893 471 3946 p.
491 3876 534 3932 ed.
609 3882 642 3932 2⁷
661 3879 809 3948 expetitius
827 3881 960 3952 poueitV
979 3898 1055 3936 cort.
1070 3881 1120 3934 od.

1079 3983 1137 4036 ss·
