3142 4375
652 482 835 538 Annnmos
854 482 879 536 x
1208 484 1272 550 341

257 651 444 731 tellegendus
469 644 523 712 est.
555 650 695 727 proinde,
724 670 794 710 cum
816 650 890 709 dicit
910 650 1029 728 patriae
1052 649 1159 725 laudi,
1177 654 1274 711 oston-

258 741 306 802 dit
334 742 520 801 imitatorem
552 759 583 800 se
614 742 757 818 paternae
787 738 922 814 virtutia
953 758 1014 799 non
1044 733 1190 800 invidum.
1242 738 1274 797 in

257 832 346 891 istius
368 830 467 891 verbis
489 829 661 889 huiusmodi
682 828 853 889 intellectus
875 828 1048 888 retinendus
1066 832 1125 905 est,
1148 832 1185 888 ut
1206 848 1276 888 eum

258 938 407 997 ponamus
424 939 461 978 ex
479 920 584 996 aperto
602 918 725 977 dixisse:
748 920 835 994 pater
851 936 949 992 meus,
971 917 1031 977 dux
1049 921 1161 994 vester,
1179 919 1276 978 multa

219 1020 240 1067 'e
257 1009 339 1069 bella
364 1010 466 1069 vestra
492 1009 606 1068 virtute
634 1008 775 1083 confecit,
802 1007 951 1085 gloriosus
977 1009 1123 1067 remeavit
1151 1027 1187 1067 ex
1214 1026 1275 1067 om·

257 1098 361 1173 nibus,
384 1116 437 1157 cur
459 1116 530 1176 ergo
552 1098 632 1156 filius
656 1096 719 1157 eius
742 1099 773 1156 et
794 1115 874 1156 nunc
895 1097 1027 1174 primum
1049 1096 1156 1156 ductor
1177 1098 1276 1156 vester

258 1188 395 1262 effectus,
418 1189 466 1246 cui
489 1205 556 1246 cum
573 1188 707 1263 paternis
725 1185 887 1263 triumphis
905 1187 1054 1246 certamen
1073 1188 1119 1246 est
1135 1180 1275 1263 primum,

257 1295 319 1337 non
341 1275 448 1337 similis
469 1275 610 1336 redeam?
634 1276 708 1335 dicit
729 1277 792 1335 iam
815 1275 888 1352 quid
910 1275 990 1335 facto
1013 1292 1087 1353 opus
1111 1277 1164 1335 sit:
1195 1276 1276 1347 fidite

258 1382 296 1425 ne
312 1366 454 1440 pedibas:
476 1366 508 1424 in
527 1366 752 1441 certaminibus,
774 1366 889 1441 inquit,
911 1364 1026 1424 bellicis
1044 1383 1111 1441 spes
1129 1365 1226 1424 omnis
1243 1366 1276 1423 in

212 1472 241 1512 ro
259 1454 380 1515 dexoere
402 1472 465 1515 esse
488 1474 580 1531 quam
601 1457 633 1514 in
656 1454 783 1531 pedibus
805 1453 902 1513 debet.
937 1454 1017 1526 ferre
1037 1454 1203 1527 rumpenda
1220 1470 1277 1527 per

258 1545 348 1604 boetia
370 1548 413 1603 est
433 1546 501 1615 eta;
523 1561 582 1617 aaa
602 1544 705 1617 obbas
726 1544 776 1602 aa
797 1544 896 1601 airam
913 1542 1105 1601 densissime
1122 1546 1205 1616 arpet
1221 1535 1277 1601 bae

258 1643 313 1693 eos·
333 1636 360 1692 et
381 1633 522 1693 Pallanta
548 1633 650 1692 decem
670 1634 776 1705 patria
803 1633 865 1692 atta
890 1632 1027 1704 reposcit:
1054 1633 1085 1690 et
1112 1650 1204 1706 nunc,
1230 1632 1276 1690 in·

260 1722 339 1799 quit,
361 1722 389 1782 si
406 1721 488 1783 viam
505 1723 538 1780 in
560 1721 692 1799 patriam
710 1722 870 1798 quaeritis,
892 1722 1050 1798 rumpatur
1066 1721 1127 1780 ista
1148 1722 1201 1781 via
1222 1739 1276 1796 per

259 1812 392 1872 hostiam
424 1811 529 1889 globos
560 1804 591 1870 et
618 1828 771 1871 caesorum
803 1813 904 1889 strage
933 1810 1067 1887 perfecta
1095 1810 1153 1869 iter
1179 1800 1275 1870 uirtus

215 1915 240 1957 a
259 1901 340 1978 quod
370 1900 454 1960 decet
480 1900 629 1975 inveniat,
659 1900 701 1961 sic
731 1900 870 1960 convenit
897 1918 951 1959 vos
979 1898 1076 1958 redire
1104 1917 1172 1958 cnm
1198 1916 1275 1958 novo

259 1989 343 2065 duce,
360 1989 403 2049 sic
421 1991 535 2049 intrare
552 1990 692 2066 patriam,
711 1992 746 2048 ut
764 1988 862 2067 qualis
881 1989 957 2049 solet
974 1989 1120 2067 gloriosos
1139 1988 1276 2064 accipiat.

259 2080 385 2139 amatae
407 2080 492 2139 naba
510 2082 661 2153 premant,
684 2079 803 2138 mutale·
823 2096 963 2154 areentur
981 2080 1018 2137 ab
1036 2078 1114 2137 hoste
1131 2077 1338 2145 morteteaars

259 2168 376 2229 tetidem
397 2170 482 2228 nobis
499 2170 673 2242 animaeque
691 2185 869 2241 manesque:
890 2168 965 2228 haec
983 2168 1190 2246 supplementa
1207 2168 1278 2227 sunt

258 2259 476 2336 persuasionis:
499 2258 618 2317 nullum
636 2258 752 2317 invidet
769 2257 948 2317 audentibus
966 2277 1091 2332 numen,
1113 2277 1174 2317 una
1191 2255 1276 2316 nobis

214 2363 243 2404 ro
259 2352 291 2408 et
303 2348 440 2407 hostibus
450 2346 591 2408 nascendi
604 2346 809 2423 moriendique
819 2347 954 2406 condicio
968 2349 1022 2422 est,
1031 2365 1138 2406 manus
1151 2346 1278 2406 totidem

260 2438 401 2515 gerimus,
411 2437 529 2496 animae
544 2428 614 2496 sunt
628 2440 702 2511 quot
714 2437 776 2496 illis
792 2440 822 2495 et
835 2435 929 2496 nobis.
958 2453 1011 2494 cur
1023 2439 1157 2496 metuam
1170 2433 1277 2513 pares?

259 2545 315 2586 eur
336 2529 470 2586 metuam
496 2545 612 2585 mecum
635 2526 724 2585 simul
746 2528 873 2584 naturae
896 2524 1066 2584 subiectos?
1103 2541 1163 2584 ecce
1184 2525 1278 2583 maris

259 2633 371 2690 moena
380 2615 491 2675 claudit
503 2623 557 2674 aas
570 2616 649 2674 'obice
656 2619 776 2687 poetas,
788 2615 865 2672 deest
876 2615 939 2673 e'aea
952 2617 1032 2672 terra
1044 2614 1142 2688 sapae,
1155 2613 1278 2687 petoque

261 2704 420 2764 Troiamne
437 2696 593 2777 paenas?
630 2703 739 2763 clausit
755 2722 809 2764 nos
828 2722 923 2778 mare,
945 2704 1075 2780 negatur
1096 2700 1278 2780 fugientibus

214 2806 242 2848 se
259 2797 356 2853 terra:
368 2792 504 2853 inveniat
517 2793 613 2853 virtus
628 2794 709 2870 quod
722 2793 883 2852 necessitas
897 2794 997 2870 negat,
1010 2794 1046 2851 ut
1063 2791 1117 2867 qui
1134 2791 1278 2869 navigare

259 2901 321 2942 non
344 2900 518 2959 possumus,
536 2883 734 2943 Troianorum
752 2884 851 2941 castra
869 2883 944 2942 nisis
961 2880 1098 2940 hostibus
1116 2882 1278 2939 teneamus.

259 2972 332 3031 haec
344 2972 388 3031 ae‘t
401 2977 428 3031 et
439 2972 554 3031 medias
567 2972 672 3030 dereses
681 2972 850 3045 praecoepit
862 2973 896 3029 e’a
908 2971 1015 3030 iusta:
1032 2969 1135 3047 magni
1148 2970 1278 3029 suasoris

261 3061 384 3121 iunctus
407 3063 453 3121 est
476 3060 626 3136 partibus,
649 3061 763 3137 primus
785 3059 818 3118 in
840 3061 958 3119 hostem
985 3058 1139 3118 contendit
1166 3063 1197 3118 et
1219 3074 1279 3117 non

261 3152 409 3210 extremos
441 3151 584 3227 agminis,
616 3150 668 3208 sed
698 3148 830 3208 medium
866 3167 974 3227 agmen
1009 3148 1138 3224 inrupit3
1175 3147 1280 3207 debuit

216 3253 244 3294 eo
262 3241 342 3299 onim
359 3240 472 3315 primns
492 3239 640 3298 confertos
658 3237 799 3298 invadere
819 3239 872 3314 qui
890 3237 1025 3299 diversae
1043 3237 1138 3314 partis
1157 3236 1279 3316 globum

309 3372 868 3444 *ddaaomerVRd.iaeipateo.ed.
924 3369 1280 3428 bombeRomNHOU

260 3445 306 3501 ed.
332 3451 392 3530 .-⁶
410 3462 460 3500 cea
478 3461 531 3500 om.
546 3445 589 3499 ed.
659 3444 866 3500 SeedeamVIt
883 3445 984 3500 redibit
1001 3443 1044 3497 ed.
1109 3448 1143 3527 lb
1161 3441 1280 3566 eeseXR

258 3516 493 3644 medidie.
523 3513 980 3670 fllieffiitiemd'alieiffleniv
1002 3513 1281 3654 “idageniffleiua'

348 3658 376 3713 d.
390 3674 441 3713 noe
459 3666 492 3714 at
504 3658 531 3713 d.
546 3658 590 3713 ed.
646 3664 679 3713 16
698 3660 792 3727 qaalee
804 3657 856 3712 VR
874 3659 965 3727 paulae
982 3657 1026 3711 ed.
1045 3673 1095 3711 nos
1114 3656 1175 3726 (sed
1188 3673 1279 3712 accus.

261 3733 325 3796 est).
354 3728 359 3803 Ι
392 3731 527 3801 plorares
544 3729 727 3800 incipiatVIt
745 3729 789 3784 ed.
812 3745 859 3783 -os
876 3730 1001 3797 'accipiat
1021 3743 1081 3784 nos.
1154 3734 1187 3782 21
1208 3729 1282 3797 qood

261 3800 404 3887 VRstW
425 3802 470 3886 ed.
542 3807 577 3856 23
597 3802 697 3872 petapo
720 3801 763 3856 ed.
841 3806 877 3856 24
898 3806 1029 3871 petamus
1042 3799 1104 3854 vn
1126 3799 1230 3868 poetis
1250 3796 1302 3851 ab·

263 3877 298 3927 22
316 3879 449 3943 irrumpet
464 3872 506 3929 ed.
581 3878 616 3929 30
634 3873 775 3943 confertae
788 3872 843 3930 VR
862 3891 936 3932 corr.
956 3873 1004 3930 ed.
