3142 4375
636 467 887 522 AENEfflOSVH
1227 471 1269 535 87

249 635 363 704 occari,
387 636 507 709 stirpem
530 635 686 695 admisceri
703 636 877 711 Pbrppiam,
900 653 932 695 sc
954 636 1055 695 limiae
1071 636 1160 709 peili:
1181 636 1271 695 huius

251 724 492 784 comminationis
512 725 629 785 Turnus
653 725 821 801 exponebat
838 744 943 785 causas
962 727 993 783 ct
1011 726 1121 786 doloris
1140 725 1271 803 indigni-

249 815 346 873 tatem
374 814 463 873 claris
491 814 614 873 vocibus
642 814 823 889 testabatur,
852 814 933 891 quod
960 815 1069 873 Teucri
1095 817 1273 875 vocarentur

247 903 281 961 in
303 922 431 981 regnum
454 905 484 963 et
506 901 633 981 Phrygii
659 903 855 981 iungerentur
877 903 999 979 Italiae,
1028 923 1059 963 se
1082 904 1197 963 scilicet
1224 924 1271 963 ex-

215 1009 230 1052 e
248 992 334 1051 cluso
353 1010 389 1051 ex
406 992 507 1071 regiae
526 993 632 1052 domus
650 992 762 1052 limine.
792 992 912 1071 singula
929 1012 1071 1070 magnam
1089 993 1151 1053 vim
1169 997 1273 1053 tenent

247 1080 435 1157 intellectum
457 1100 529 1140 nam
541 1081 669 1141 Teucros
689 1084 719 1141 et
736 1081 901 1160 Phrygiam
920 1082 1045 1159 stirpem
1063 1101 1117 1159 pro
1137 1081 1271 1142 convicio

246 1168 367 1248 posuit,
398 1169 431 1229 in
463 1189 557 1249 regna
586 1170 689 1231 vocari
720 1172 776 1231 hoc
800 1174 846 1231 est
875 1172 906 1230 in
935 1172 1077 1231 honorem
1107 1172 1270 1230 maximnm

245 1260 491 1338 potestatemque
514 1259 661 1338 regnandi
684 1279 719 1320 ac
745 1279 799 1337 per
820 1260 877 1320 hoc
899 1260 1047 1320 inmeritis
1067 1260 1175 1320 deferri
1193 1278 1272 1319 sum·

245 1368 330 1409 mam
361 1368 463 1408 rerum
495 1350 526 1407 et
560 1349 793 1409 fortissimorum
830 1350 931 1428 generi
966 1350 1085 1409 misceri
1121 1350 1272 1409 maculam

194 1457 226 1500 ro
245 1436 462 1516 Phrygiarum,
486 1438 538 1497 sed
557 1438 698 1498 videlicet
720 1439 816 1498 multo
834 1438 987 1498 meliorem
1006 1458 1112 1516 genere
1132 1458 1167 1498 ao
1185 1439 1271 1498 forti-

245 1526 366 1603 tudine,
389 1528 451 1586 iam
475 1547 618 1605 generum
640 1528 732 1606 regis,
754 1528 818 1586 iam
840 1529 929 1604 pleno
954 1528 1080 1587 adsensu
1100 1530 1271 1605 susceptum

246 1634 285 1675 ex
305 1614 372 1692 ipso
394 1617 496 1694 regiae
520 1616 625 1676 domus
648 1617 752 1675 limine
772 1616 862 1676 cludi.
903 1622 965 1675 tma
987 1633 1110 1689 quoram
1133 1619 1334 1678 attomtact80

248 1704 367 1764 Baccho
388 1721 510 1765 memora
533 1707 604 1765 acia
626 1710 735 1765 matres
757 1706 903 1765 imsaitamt
927 1706 1033 1764 thiasis
1060 1706 1165 1777 (acque
1193 1707 1271 1764 caim

249 1793 311 1852 iere
331 1811 435 1853 nomem
458 1793 615 1869 Amatam:
643 1795 735 1854 etiam
757 1796 829 1854 illae
853 1813 930 1872 quae
953 1813 1022 1853 cum
1044 1795 1155 1853 Amata
1177 1794 1270 1870 petie·

196 1899 228 1942 ro
247 1883 318 1942 rant
346 1883 438 1944 silvas
468 1886 614 1943 venerant
642 1886 866 1960 perseverantes
894 1884 927 1942 in
957 1884 1072 1959 furore3
1104 1883 1160 1943 hoc
1190 1885 1270 1942 enim

247 1970 387 2050 exigebat
403 1974 525 2051 reginae
544 1972 694 2048 meritum,
712 1975 749 2031 ut
766 1974 799 2032 in
813 1992 906 2033 causa
918 1973 999 2032 filiae
1013 1972 1115 2033 mariti
1134 1972 1270 2032 studium

244 2062 486 2138 sententiamque
510 2064 673 2138 superaret.
719 2064 849 2136 mmdiqac
877 2063 984 2121 collecti
1012 2066 1127 2121 cocant:
1156 2061 1269 2122 aduna-

243 2150 359 2212 bantur
386 2150 503 2211 collecti
530 2170 565 2211 ex
589 2151 712 2212 diversis
737 2153 767 2210 et
790 2151 929 2230 plurimis
956 2151 1038 2212 locis.
1084 2152 1270 2226 Martemque

241 2241 389 2316 fatiqamt:
425 2243 455 2301 et
487 2241 624 2301 ardorem
656 2261 777 2319 pugnae
809 2241 881 2301 totis
919 2241 1034 2301 nisibus
1067 2242 1270 2302 cumulabant.

194 2348 224 2390 eo
242 2330 322 2390 iicet
351 2330 512 2403 infamiam
542 2331 638 2390 carecti
668 2335 769 2390 contra
798 2333 899 2390 mairia
927 2331 1046 2400 beilum,
1076 2335 1177 2391 contra
1204 2332 1271 2404 fata

242 2419 333 2478 memo
344 2435 485 2492 pcrccrso
499 2421 620 2478 camiac
630 2425 770 2493 poscant:
788 2420 963 2479 nitebantur
977 2438 1078 2479 omnes
1094 2420 1270 2497 abrumpere

208 2576 211 2583 ¹
241 2507 348 2567 omnia
375 2507 528 2586 sacrilegis
556 2508 706 2568 mentibus
735 2529 812 2586 quae
843 2509 1002 2569 constabat
1030 2509 1131 2569 divino
1158 2509 1270 2569 iudicio

242 2599 338 2674 atque
357 2596 482 2656 arbitrio
502 2615 565 2657 esse
583 2598 712 2656 firmata.
750 2600 854 2658 contra
873 2600 983 2672 omina,
1001 2599 1115 2674 inquit,
1134 2601 1165 2657 st
1183 2598 1271 2657 deum

240 2685 325 2746 iata:
353 2688 458 2746 contra
481 2687 582 2745 omina
605 2690 729 2763 propter
756 2706 827 2764 apes
858 2690 889 2747 et
915 2686 1047 2746 incendii
1070 2686 1270 2746 denuntiatio·

194 2790 222 2834 ns
240 2794 326 2851 nem,
350 2774 430 2851 quod
454 2795 489 2834 ex
512 2775 610 2852 capite
633 2775 778 2835 Lauiniae
803 2776 960 2836 constabat
989 2777 1138 2851 extitisse3
1167 2779 1272 2834 contra

240 2864 323 2940 iata,
345 2863 403 2924 hoc
426 2866 473 2924 est
495 2867 600 2923 contra
620 2865 743 2924 deorum
761 2867 926 2925 sententias
950 2869 980 2924 et
999 2864 1097 2923 Fauni
1119 2882 1272 2941 responsa,

240 2971 386 3031 perverso
405 2954 527 3012 numine
546 2954 657 3013 bellum
673 2954 864 3030 adpetebant,
882 2955 914 3013 in
928 2972 1101 3029 perversum
1117 2954 1272 3013 trahentes

245 3041 374 3103 deorum
401 3041 558 3119 iudicium,
586 3045 622 3102 ut
649 3043 728 3102 bello
756 3044 956 3103 excludendos
984 3043 1138 3102 crederent
1160 3044 1214 3118 qui
1240 3043 1272 3100 in

242 3130 371 3193 Italiam
393 3131 528 3191 fatorum
550 3133 632 3192 ducti
654 3134 772 3192 ratione
796 3135 1004 3192 convenerant.
1042 3133 1172 3191 certatim
1193 3132 1334 3207 rcaistao

201 3231 224 3277 eo
240 3222 434 3281 circumastant
456 3226 529 3280 tecta
551 3222 672 3281 Latimi:
695 3222 781 3282 obliti
804 3222 914 3300 regalis
938 3222 1123 3282 reverentiae
1147 3222 1268 3282 domum

239 3309 347 3371 Latini
369 3309 587 3387 adspectabant
610 3312 757 3371 violenter
780 3316 812 3371 et
834 3311 945 3371 circum
969 3330 1048 3386 eam,
1072 3329 1163 3386 quam
1187 3310 1270 3370 omni

239 3400 389 3479 religione
407 3399 546 3459 venerari
565 3404 757 3478 convenerat,
781 3403 812 3460 et
829 3402 1016 3461 tumultuoso
1035 3402 1185 3460 conventu
1201 3418 1269 3478 gra-

239 3490 320 3550 viter
339 3489 579 3566 perstrepebant.
615 3489 664 3548 iic
684 3490 762 3548 celat
779 3492 882 3565 pelopi
907 3507 997 3564 rapas
1019 3491 1130 3548 immota
1154 3489 1269 3557 resistit,

313 3646 348 3696 12
366 3641 454 3696 cludit
466 3641 492 3695 V
511 3641 623 3696 excludi
644 3641 687 3696 ed.
763 3648 796 3696 13
815 3644 920 3713 thyasis
939 3642 982 3696 ed.
1056 3647 1089 3694 21
1109 3641 1271 3709 abrumpere

241 3714 339 3769 omnia
351 3711 379 3767 V
393 3712 448 3767 edl
465 3715 560 3768 omirm
578 3712 663 3766 edFI
682 3715 775 3769 ommia
794 3714 837 3767 ed.
851 3716 923 3782 post.
990 3717 1024 3766 30
1043 3713 1158 3768 domam
1176 3712 1284 3764 Latia&

241 3783 478 3911 admmgaatv
496 3787 528 3840 ia
546 3785 625 3840 docio
642 3786 677 3841 L.
698 3785 833 3843 astabant
852 3785 897 3841 ed.
973 3790 1011 3840 Ὠ
1031 3791 1057 3842 et
1075 3776 1293 3840 tumultuosob

286 3871 340 3911 om.
357 3870 374 3909 e
391 3895 398 3907 ,
