3142 4375
549 484 565 534 ,·
642 471 838 530 ,ΑΕΝΕΙΒΟΒ
851 472 904 527 VH
1245 475 1285 540 ’Π

269 640 343 699 haec
360 638 465 714 ferret,
484 638 590 705 habuit
607 642 736 717 gratum.
770 642 891 700 tantum
909 640 1132 701 consuetudinis
1151 640 1287 700 adfectus
1330 699 1332 702 .

268 730 383 806 potuit,
411 730 448 790 nt
475 730 553 788 hane
582 731 675 796 etiam
704 728 857 807 graviores
884 734 1061 807 provocaret
1088 731 1127 790 ad
1149 730 1287 806 planctus

265 819 300 886 et
321 836 440 884 meros
463 819 572 896 palmis
595 820 725 895 propriis
748 818 911 879 verberare.
953 838 1019 879 ecce
1042 818 1081 879 ad
1098 818 1288 880 excitandum

267 908 331 975 levi
352 926 388 966 ex
412 926 505 972 causa
526 906 639 967 bellum
664 907 755 967 datur
777 910 869 967 etiam
895 909 1015 986 puellae
1041 927 1183 985 persona,
1211 928 1288 985 quae

223 1013 248 1054 a
266 1014 324 1075 pro
343 1014 414 1058 sexu
437 999 469 1065 et
486 998 591 1064 aaa,
603 998 726 1073 putaret
743 1016 886 1075 magnum
905 999 1001 1058 scelus
1020 998 1197 1073 admissum
1216 1000 1289 1076 quia

267 1086 433 1146 moriturus
460 1085 561 1145 aeras
588 1104 623 1145 ex
653 1104 744 1145 causa
770 1087 902 1154 uulneris
930 1106 1046 1148 cervus:
1078 1089 1110 1145 in
1142 1087 1289 1148 auxilium

266 1175 448 1252 repetendae
470 1173 594 1235 ultionis
617 1175 752 1235 homines
775 1175 905 1236 vocabat
927 1177 1068 1254 agrestis,
1090 1176 1235 1255 inperitos
1259 1178 1289 1235 et

267 1264 361 1325 duros
383 1265 441 1324 hoc
469 1266 515 1324 est
537 1262 637 1325 animo
664 1264 744 1325 feros
771 1268 803 1324 et
828 1266 946 1325 ratione
974 1267 1103 1341 expertis
1131 1271 1222 1344 atquc
1250 1264 1290 1325 ad

268 1355 420 1414 certamen
433 1352 541 1414 robore
559 1355 691 1430 corporis
706 1356 898 1430 conpetenter
916 1355 1095 1431 aptissimos.
1123 1357 1169 1415 illi
1182 1356 1290 1430 (pestis
1299 1366 1351 1416 606

223 1459 248 1501 so
267 1444 348 1504 emim
369 1443 466 1502 tacitis
489 1442 558 1501 latet
579 1460 687 1516 aspera
708 1443 807 1516 siluis)
829 1445 974 1517 improvisi
996 1445 1118 1504 adeant:
1146 1446 1290 1521 quoniam

267 1534 380 1595 natura
409 1531 492 1592 saevi
521 1534 552 1591 et
580 1550 635 1608 pro
667 1532 801 1592 locorum
830 1533 993 1608 asperitate
1024 1536 1123 1593 truces
1156 1535 1290 1595 oblatam

268 1620 390 1697 puellae
422 1624 612 1698 sumpserant
643 1640 758 1696 vocem,
790 1624 938 1681 venerunt
966 1627 1098 1698 repente.
1143 1623 1290 1698 inprovisi

270 1710 344 1768 sunt
366 1707 420 1784 qui
440 1710 541 1769 subito
566 1714 713 1786 apparent
735 1729 789 1770 nec
811 1710 952 1771 videntur
980 1711 1052 1768 dnm
1070 1713 1205 1771 veniunt.
1240 1712 1290 1770 dc-

271 1795 413 1857 scribitur
432 1798 465 1858 in
488 1800 579 1864 armis
602 1798 676 1875 ipsis
699 1800 857 1858 hominum
878 1800 963 1858 furor
986 1801 1017 1858 et
1036 1800 1193 1877 repentina
1211 1818 1290 1859 com·

223 1901 251 1943 rc
271 1885 381 1945 motio:
403 1886 536 1963 ruebant,
554 1888 664 1964 inquit,
681 1887 714 1946 in
731 1888 887 1947 hominum
905 1888 1068 1966 perniciem
1086 1892 1290 1967 properantes,

271 1993 334 2035 non
355 1974 451 2035 hastis
474 1977 584 2038 armati
605 1977 653 2037 vel
676 1977 800 2056 gladiis3
827 1982 959 2056 agrestes
983 1979 1095 2056 quippe
1118 1999 1179 2039 uon
1201 1998 1290 2039 usum

270 2064 441 2126 habuerant
462 2066 630 2144 pugnandi,
659 2067 710 2125 sed
736 2066 906 2126 inferendae
931 2069 1100 2128 violentiae.
1145 2069 1192 2129 bie
1214 2072 1290 2127 torre

270 2157 406 2215 armatas
432 2156 545 2226 abacto,
576 2157 684 2230 stipitis
710 2156 757 2216 bia
781 2158 901 2232 prasidi
926 2158 1026 2218 eodm:
1057 2176 1148 2235 unns,
1180 2157 1290 2235 inquit,

268 2243 387 2304 ferebat
414 2245 526 2308 firstem
555 2265 590 2303 ex
618 2245 755 2305 incendio
784 2246 950 2322 sublatum,
981 2247 1057 2306 alter
1083 2247 1218 2324 stipitem
1244 2247 1290 2306 in·

223 2334 400 2411 inpolitum
428 2336 459 2394 et
485 2334 633 2393 nodorum
662 2335 843 2411 ponderibus
875 2339 1116 2414 praegravatum.
1162 2338 1291 2396 duorum

270 2421 442 2499 specialiter
464 2423 546 2483 dicta
568 2427 640 2483 sunt
663 2443 759 2500 arma,
787 2427 823 2484 ut
850 2425 886 2484 de
914 2426 1047 2501 exemplo
1074 2425 1223 2502 potuisset
1244 2428 1290 2485 in·

269 2511 374 2590 tellegi
387 2511 491 2588 qualia
510 2513 605 2573 omnis
623 2513 788 2573 multitudo
802 2516 944 2589 portaret.
977 2533 1045 2573 cum
1057 2515 1152 2593 igitur
1168 2518 1289 2575 cunctos

268 2601 355 2662 brevi
368 2601 498 2661 dictione
513 2602 711 2676 concluderet,
730 2604 774 2663 ait
792 2604 869 2675 qaod
886 2604 988 2675 mace
1005 2608 1152 2677 repertam
1168 2606 1292 2662 rimanti

270 2690 359 2749 telam
372 2692 421 2749 ira
434 2692 521 2763 facit:
543 2694 694 2768 postremo
709 2692 888 2753 succedebat
901 2692 1069 2752 furentibus
1088 2693 1121 2751 in
1140 2712 1291 2752 armorum

223 2793 251 2835 ss
270 2781 366 2840 vicem
385 2779 530 2856 quicquid
547 2799 688 2857 praeseus
706 2781 895 2840 ministrarat
912 2781 1037 2840 occasio.
1069 2787 1153 2841 coeat
1170 2783 1291 2856 apmiaa

270 2868 419 2942 Tyrrlms:
442 2887 509 2927 cum
532 2888 586 2945 pro
610 2870 818 2948 magnitudine
838 2870 1046 2930 commotionis
1066 2889 1138 2930 suae
1157 2871 1290 2946 Tyrrhus

269 2959 458 3034 praesentem
474 2956 662 3017 iuventutem
682 2960 818 3019 sufficere
835 2979 895 3019 uon
914 2978 1001 3035 posse
1020 2962 1162 3036 speraret,
1180 2960 1292 3019 ultioni

269 3046 399 3106 vocabat
413 3046 475 3105 alia
493 3066 614 3124 quoque
633 3048 762 3125 agmina.
795 3048 936 3108 describit
953 3048 1015 3106 iam
1030 3049 1178 3124 quomodo
1193 3049 1290 3108 venie-

269 3134 345 3194 bant
376 3135 505 3210 evocati,
529 3138 636 3211 quanti
663 3139 711 3197 vel
739 3139 844 3214 quales
872 3137 921 3197 vel
952 3137 1045 3195 unde:
1077 3137 1291 3212 quadripedam

344 3292 359 3340 1
377 3287 490 3354 referret
509 3287 551 3341 ed⁴
608 3293 624 3340 3
643 3288 1126 3346 et-oerberareVet—eerberaret
1142 3290 1291 3362 adpossit

269 3359 500 3414 at—cerberaret
513 3359 662 3427 suspicari,
677 3361 726 3414 sed
741 3360 775 3413 cf.
792 3367 817 3427 a,
829 3366 888 3414 781.
951 3366 966 3414 5
982 3378 1034 3430 pra
1053 3365 1227 3417 cramaitate
1237 3362 1292 3415 VH

265 3446 321 3499 pro
348 3425 523 3498 simplicitate
552 3429 606 3483 ΟΠ
630 3431 673 3485 ed.
760 3437 777 3485 8
805 3434 911 3487 ratione
934 3432 959 3486 V
982 3434 1026 3488 ed.
1058 3435 1119 3487 -ais
1146 3435 1189 3488 ed,
1217 3436 1290 3501 post.

271 3501 357 3555 sota
375 3501 442 3554 ed·
482 3506 515 3556 10
534 3503 633 3556 tactim
650 3502 684 3556 V.
745 3508 777 3556 11
798 3505 975 3572 asperiditate
993 3505 1026 3560 V.
1047 3505 1050 3577 t
1071 3512 1193 3574 optatam
1206 3505 1233 3558 V
1246 3506 1290 3559 ed.

265 3572 392 3628 oblatam
410 3589 468 3626 nos.
528 3577 560 3626 12
579 3580 753 3641 sumpserant
770 3574 796 3628 V
815 3575 858 3630 ed.
878 3575 968 3643 possis
986 3583 1127 3631 semerom
1144 3576 1291 3644 suspicari,

269 3642 322 3697 sed
342 3642 377 3696 cf.
397 3647 422 3710 8,
437 3649 480 3699 64.
506 3643 509 3715 l
536 3644 678 3712 improvisi
695 3648 760 3712 post
778 3662 868 3702 vocem
885 3647 1015 3715 interpcl.
1031 3648 1074 3702 ed.
1131 3653 1164 3702 16
1183 3649 1253 3702 artis
1266 3647 1292 3701 V

271 3720 331 3769 arte
349 3714 393 3770 ed.
412 3716 500 3771 baetis
517 3732 580 3770 nos:
604 3718 699 3784 potest
720 3717 751 3770 in
774 3718 927 3787 archetypo
950 3720 1018 3774 ostis
1041 3718 1181 3787 scriptum
1195 3719 1298 3772 inisse.

271 3789 307 3839 23
325 3792 461 3854 repertam
474 3786 500 3840 V
518 3804 540 3841 r.
555 3794 594 3842 est
608 3787 651 3842 ed.
702 3793 737 3842 28
755 3789 813 3845 iam
826 3789 852 3843 V
872 3792 956 3848 etiam
970 3791 1017 3846 ed.
1067 3795 1105 3845 ‘aa
1123 3791 1198 3858 post
1213 3788 1297 3842 cade

270 3856 356 3926 posui
374 3857 524 3913 secundum
543 3858 811 3930 interpretationem
831 3865 967 3935 quamuis
986 3861 1197 3932 absurdam-t
1214 3853 1308 3926 affl*
