3142 4375
655 466 839 522 renunes
857 465 883 520 x
1212 468 1278 533 323

261 639 307 696 est
325 638 357 694 et
374 636 479 707 altera,
492 638 529 694 ut
541 634 583 695 sio
597 636 837 711 pronuntiemus:
856 635 1013 714 vigilasne,
1027 634 1114 694 deum
1128 634 1221 713 gens?
1244 637 1281 693 ut

261 743 420 802 suppresso
443 724 564 783 interim
586 724 705 784 nomine
729 724 825 785 divini
848 725 1003 803 sanguinis
1027 724 1139 783 diceret
1155 724 1279 799 prolem,

261 817 352 892 atque
384 817 419 874 ut
449 813 557 873 melius
585 814 754 874 ostenderet
780 817 892 873 notam¹
914 813 1000 891 loqui
1028 832 1200 890 personam,
1229 812 1280 871 ad·

261 904 372 964 didisse
401 922 510 962 nomen
535 904 613 962 eius:
642 903 758 977 Aenea,
788 903 890 981 vigila.
945 903 984 978 si,
1016 902 1129 979 inquit,
1161 902 1280 979 vigilas,

229 1012 242 1054 o
260 1012 418 1070 persevera
435 994 468 1051 in
491 1011 525 1052 eo
544 996 575 1052 et
592 992 725 1053 habenas
744 991 840 1051 omnis
859 993 934 1051 velis
952 991 1079 1051 inmitte.
1112 992 1280 1051 exhortatio

259 1082 433 1143 istiusmodi
461 1081 522 1141 fuit
549 1083 582 1140 in
612 1081 817 1159 duplicatione
848 1081 979 1141 eiusdem
1009 1080 1095 1156 dicti,
1124 1082 1161 1139 ut
1183 1084 1281 1140 cetera

261 1172 408 1231 attentius
427 1170 551 1230 audiret.
585 1171 663 1229 illud
681 1190 752 1230 vero
770 1189 830 1229 non
850 1172 965 1230 eratin
982 1172 1081 1229 totum
1105 1168 1281 1245 dubitantis,

262 1260 343 1338 quod
364 1262 434 1337 post
455 1261 587 1319 incertae
609 1278 712 1319 vocem
740 1260 932 1319 subsecutum
962 1261 1007 1319 est
1033 1258 1149 1333 Aenea,
1176 1258 1281 1337 vigila.

261 1348 382 1410 videtur
404 1348 484 1408 enim
505 1349 666 1409 removisse
689 1350 721 1407 in
745 1368 806 1425 quo
830 1348 922 1408 dubie
944 1348 1004 1406 fuit
1027 1347 1151 1407 dicendo
1170 1347 1282 1423 Aenea,

217 1437 369 1517 invigila,
399 1437 472 1514 quia
500 1438 670 1515 gubernans
699 1458 809 1498 navem
839 1438 967 1496 dormire
996 1455 1056 1496 non
1079 1436 1190 1496 debuit.
1237 1455 1282 1496 se·

263 1526 368 1605 quitur
385 1546 530 1605 personae
553 1528 706 1603 loquentis
725 1527 845 1587 evidens
865 1526 1093 1600 demonstratio,
1111 1529 1146 1585 ut
1164 1525 1281 1586 Aeneas

262 1619 365 1677 nosset
387 1636 464 1693 quse
488 1617 622 1676 omnium
650 1616 771 1676 nomine
799 1617 984 1694 loqueretur,
1011 1615 1044 1673 in
1071 1634 1129 1691 quo
1158 1615 1224 1692 ipso
1252 1616 1283 1674 et

263 1708 349 1785 gesta
376 1709 479 1782 posset
508 1706 641 1782 apertius
671 1724 802 1766 noscere.
854 1722 920 1774 noe,
952 1706 1008 1780 ait,
1038 1722 1141 1762 eomes
1170 1704 1344 1781 Idoeoe230

262 1812 347 1855 sacro
371 1795 406 1853 de
428 1796 531 1853 comice
550 1796 658 1868 pinos:
681 1795 755 1872 quid
778 1796 912 1871 apertius
940 1794 1000 1853 ista
1027 1794 1198 1852 narratione
1222 1811 1283 1868 qua

216 1885 379 1944 redictum
401 1886 447 1943 est
470 1903 547 1961 quae
571 1886 671 1944 essent
689 1886 720 1944 et
746 1882 847 1943 unde?
896 1901 976 1943 ncnc
996 1883 1099 1958 pelopi
1127 1883 1281 1957 nymphae,

263 1974 368 2033 classis
399 1978 465 2032 tuo:
494 1975 525 2032 et
554 1993 632 2049 quae
662 1992 754 2033 naves
783 1977 855 2032 tuse
882 1972 995 2032 fuimus
1018 1973 1168 2049 nymphae
1190 1972 1283 2031 maris

263 2080 367 2123 sumus
391 2062 518 2122 effectae.
563 2063 596 2121 in
619 2062 777 2139 perspicua
799 2062 947 2123 brevitate
961 2065 1070 2126 ,totum
1093 2062 1207 2120 dictum
1229 2063 1282 2122 eet.

263 2151 316 2214 sod
347 2151 466 2229 quando
495 2151 614 2212 Aeneas
642 2151 675 2211 id
705 2151 838 2212 crederet
864 2151 929 2211 fieri
951 2154 1098 2230 potuisse,
1127 2151 1186 2210 nisi
1216 2149 1283 2210 sub·

263 2244 366 2302 secuta
380 2245 479 2301 cetera
492 2243 680 2320 ignorantem
694 2241 866 2301 docuissent
878 2243 997 2301 tantum
1011 2242 1140 2300 numinis
1154 2241 1284 2300 valuisse

218 2349 246 2391 so
262 2330 446 2410 potentium,
478 2334 514 2391 ut
544 2330 686 2408 possibile
718 2331 803 2390 fieret
832 2332 913 2406 quod
944 2332 1077 2390 humana
1107 2349 1192 2389 mens
1223 2349 1284 2389 non

264 2421 389 2481 auderet
412 2419 590 2481 admittere?
635 2438 689 2479 nos
719 2438 822 2479 sumus
853 2419 961 2479 Idaeae
991 2438 1075 2480 sacro
1107 2418 1142 2477 de
1172 2421 1283 2478 vertice

263 2510 366 2588 pinus,
388 2528 469 2568 nunc
490 2509 592 2587 pelagi
614 2510 778 2586 nymphae,
802 2510 905 2568 classis
928 2512 995 2568 tua:
1019 2509 1099 2586 quod
1122 2508 1285 2567 secundum

264 2598 326 2659 dici
348 2602 528 2658 convenerat
545 2599 649 2675 posuit
670 2599 796 2657 tertium
818 2600 849 2657 et
871 2598 953 2674 quod
975 2597 1098 2657 tertium
1121 2595 1284 2655 secundum

263 2687 430 2764 ordinavit3
448 2706 519 2746 nam
536 2687 634 2763 primo
653 2688 775 2748 arbores
794 2688 928 2761 fuerant,
947 2706 1038 2746 naves
1057 2689 1175 2763 postea,
1194 2685 1284 2744 tertio

219 2793 246 2835 sa
263 2777 330 2837 loeo
353 2778 517 2853 nympham
541 2777 646 2835 sedin
668 2777 725 2836 hao
748 2776 936 2836 ordinatione
959 2795 1020 2834 non
1048 2775 1160 2835 erravit
1186 2776 1285 2850 poeta.

263 2865 449 2943 splendidius
482 2867 592 2941 quippe
619 2866 718 2925 voluit
745 2866 830 2942 loqui
858 2884 912 2925 nec
939 2864 1156 2923 ordinationem
1187 2864 1286 2939 ipsam

263 2953 415 3031 loquendo
433 2954 577 3013 confudit.
608 2953 688 3031 quod
706 2956 786 3014 enim
805 2954 882 3013 dixit
900 2953 1019 3014 arbores
1032 2953 1144 3012 fuimns
1164 2952 1286 3027 dudum,

264 3042 351 3104 nnnc¹
373 3043 523 3120 nymphae
553 3061 656 3102 sumus
687 3044 807 3103 effectae
838 3062 914 3119 quae
943 3043 1055 3101 fuimus
1085 3060 1176 3101 naves
1205 3044 1286 3115 tuae,

265 3132 401 3193 ornatius
420 3131 535 3191 dietum
553 3136 599 3191 est
619 3150 710 3209 quam
728 3135 756 3192 si
774 3133 885 3192 diceret
903 3132 1022 3191 arbores
1041 3132 1162 3205 fuimus,
1180 3130 1286 3189 dehinc

219 3237 247 3280 aa
264 3239 371 3298 naves,
407 3225 558 3300 postremo
594 3223 753 3298 nymphae.
809 3222 869 3281 duo
902 3240 979 3297 quae
1011 3220 1129 3280 Aeneas
1161 3221 1287 3279 noverat

338 3432 414 3482 leat
430 3434 455 3482 et
468 3427 520 3482 VR
541 3435 566 3484 ct
584 3444 637 3483 om
657 3428 700 3482 ed.
764 3429 884 3497 oipilone
902 3426 961 3481 Vlt
1034 3433 1050 3480 6
1074 3426 1287 3494 duplicationem

264 3496 319 3553 VR
340 3514 411 3553 corr.
431 3499 473 3553 ed.
551 3504 568 3552 8
591 3501 709 3554 incertos
806 3505 880 3553 -tom
902 3498 945 3552 ed
1024 3503 1057 3551 10
1080 3499 1233 3580 putaresne
1252 3495 1286 3550 V.

266 3575 302 3625 12
323 3569 478 3640 loqueram
495 3569 521 3623 R
544 3571 746 3639 loquerentur'
738 3589 768 3624 1n
792 3585 846 3623 ras.
862 3569 895 3623 V.
926 3570 929 3641 l
963 3571 1023 3654 ipso
1046 3575 1072 3623 et
1089 3568 1174 3622 VR'
1162 3585 1224 3637 epac
1243 3567 1285 3623 ed.

266 3645 301 3697 18
318 3641 398 3697 ideas
415 3640 448 3695 R
522 3646 556 3694 15
575 3641 726 3710 opafaeV.
800 3646 835 3694 18
853 3643 915 3709 ficri
930 3643 1051 3709 potuisse
1069 3640 1095 3693 R
1117 3641 1192 3707 fueri
1205 3645 1287 3708 potie-

263 3800 326 3841 noa.
345 3710 417 3838 vit
435 3783 493 3838 dici
454 3683 739 3868 wfflddquribdadc
750 3730 803 3838 odd.
820 3712 896 3838 edit*
915 3711 1118 3854 qdii'dlddzdd.
1136 3711 1312 3852 moggi&

263 3856 310 3913 ed.
328 3856 404 3927 post.
478 3858 512 3908 29
528 3857 556 3910 si
572 3872 624 3910 orn.
642 3854 722 3910 Ved
753 3855 757 3930 l
787 3857 894 3915 diceret
904 3856 964 3913 VR
982 3858 1078 3913 dicare
1096 3861 1126 3909 et
1143 3852 1196 3907 cd

1108 3959 1168 4014 ‘21⁸
