3142 4375
665 516 850 572 AENEIDOS
864 518 917 572 VII
1257 522 1300 587 83

278 683 401 744 Iunonis
424 704 528 746 verum
552 687 644 745 etiam
666 686 741 763 ipsis
769 706 888 763 quoque
917 686 1011 747 oeulis
1039 687 1191 748 subderet:
1220 689 1300 763 quod

277 773 426 834 referebat
439 775 538 835 verbis
552 774 762 835 ostentationis
776 776 844 851 fnit,
864 775 944 852 quod
961 776 1150 837 monstrabat
1162 777 1299 853 plenissi-

275 882 343 923 mae
357 862 552 940 probationis.
582 865 638 934 dic,
652 866 686 923 iu
699 866 861 924 amicitiam
874 870 976 925 cocant
990 870 1017 925 ct
1028 867 1148 938 foedera
1164 868 1299 940 irruperat,

275 952 514 1026 quondoquidem
539 951 674 1013 Ausonio
705 955 834 1029 respersi
864 956 1009 1029 scopatae
1041 955 1183 1014 Teucros:
1219 956 1300 1033 quod

240 1042 343 1101 sfieri
365 1060 420 1118 pro
444 1044 497 1101 tua
517 1043 674 1103 voluntate
697 1062 763 1103 meo
790 1044 957 1103 ministerio
981 1043 1085 1103 debuit
1106 1044 1221 1104 factum
1245 1048 1299 1120 est,

275 1131 390 1209 polluti
411 1133 483 1192 sunt
505 1131 629 1191 Troiani
651 1134 797 1211 sanguine
816 1131 1008 1208 Latinorum,
1029 1135 1117 1193 tanta
1139 1153 1175 1192 ex
1198 1152 1232 1193 eo
1251 1154 1299 1193 ex·

274 1220 343 1281 titit
360 1239 453 1281 causa
472 1220 651 1295 discordiae,
673 1225 709 1282 ut
727 1223 820 1281 etiam
839 1242 875 1281 ex
892 1223 1048 1282 voluntate
1066 1225 1122 1282 tua
1140 1223 1300 1284 concordia

274 1310 458 1387 populorum
474 1310 611 1387 reparari
628 1330 686 1370 non
701 1312 807 1387 possit.
837 1329 902 1370 1111
917 1314 1064 1387 quantum
1077 1312 1170 1371 Furia
1188 1312 1298 1391 gloria-

274 1402 339 1475 tur,
379 1401 528 1476 quantum
564 1418 626 1459 sese
664 1401 782 1459 extollit
813 1399 953 1461 adserens
984 1400 1163 1477 dissipatam
1194 1421 1299 1479 pacem

223 1506 255 1549 ιο
273 1488 423 1567 integrari
451 1507 512 1548 non
541 1507 642 1566 posse,
672 1488 790 1549 etiarnsi
819 1490 886 1567 ipsa
915 1490 992 1548 Iuno
1023 1490 1136 1550 satiata
1165 1493 1299 1568 partium

276 1576 419 1638 caedibus
432 1578 511 1637 hanc
529 1579 603 1637 velit
619 1578 652 1636 in
666 1579 818 1657 integrum
836 1596 984 1638 revocare.
1013 1579 1052 1637 ad
1065 1582 1299 1656 perpetuitatem

277 1666 444 1726 discordiae
466 1668 598 1744 pertinet
623 1667 704 1744 quod
730 1668 866 1745 positum
892 1671 938 1727 est
961 1686 979 1726 a
1002 1668 1139 1727 Troianis
1167 1669 1299 1746 primum

276 1754 407 1814 inlatam
427 1755 549 1815 caedem
571 1756 727 1831 Ausoniis,
756 1758 810 1834 qui
832 1758 1001 1816 novitatem
1028 1776 1113 1817 suam
1143 1757 1297 1820 funeribus

277 1842 439 1904 inferendis
461 1845 728 1906 commendandam
750 1863 814 1906 esse
837 1845 1033 1906 crediderant.
1072 1847 1124 1906 boc
1142 1848 1230 1905 otium
1251 1848 1298 1907 ees

225 1948 256 1991 rs
277 1932 400 2003 addam,
419 1938 472 1993 tuo
493 1936 521 1993 st
537 1935 610 1995 miti
628 1939 706 1994 certo
723 1935 873 2004 cebamus,
894 1936 1039 2007 finitimas
1056 1935 1090 1994 io
1109 1937 1184 1995 bello
1201 1938 1298 2009 feram

275 2022 443 2083 meiere
465 2024 549 2083 orbis
572 2024 784 2098 accendamque
807 2025 922 2083 animos
939 2025 1042 2084 insoni
1058 2026 1172 2084 Martis
1189 2043 1297 2097 amore,
1308 2039 1359 2088 550

271 2102 422 2188 [1111111111
447 2117 481 2171 ot
508 2113 619 2172 auxilio
647 2114 783 2184 content·
812 2130 953 2188 spumam
983 2132 1071 2173 amno
1093 2131 1151 2189 per
1179 2114 1298 2192 opress-

273 2219 341 2261 ecce
365 2221 401 2261 ex
423 2202 672 2280 consequentibus
697 2203 829 2262 ostendit
851 2223 912 2279 qua
934 2207 1032 2263 mente
1051 2204 1176 2265 dixisset
1198 2205 1247 2265 dic
1264 2207 1297 2264 in

273 2289 441 2351 amicitiam
473 2294 592 2367 coeant3
619 2312 680 2352 non
712 2291 792 2351 enim
823 2295 944 2370 poterat
971 2293 1077 2369 Furia,
1110 2314 1188 2371 quae
1220 2296 1297 2354 nihil

225 2382 395 2456 repraeter
417 2382 497 2441 mals
519 2384 621 2441 nosset
643 2383 675 2440 et
697 2381 794 2441 facere
818 2384 848 2441 et
870 2382 998 2458 inplere,
1016 2383 1066 2442 hic
1084 2383 1209 2443 suadere
1228 2403 1296 2444 con·

273 2468 408 2529 cordiam
436 2471 466 2529 et
491 2469 582 2546 Iuno,
605 2473 691 2530 retus
714 2474 745 2530 et
766 2472 906 2547 pertinax
929 2472 1066 2547 inimica,
1093 2476 1214 2548 repente
1242 2477 1297 2533 aut

271 2559 336 2619 levi
364 2556 480 2619 ultione
512 2559 626 2619 satiari.
672 2579 743 2638 ergo
773 2560 892 2620 Allecto
924 2561 1058 2639 glorians
1085 2561 1122 2620 de
1151 2581 1185 2620 eo
1216 2563 1297 2637 quod

272 2647 400 2723 fecerat,
428 2668 488 2725 quo
513 2649 593 2726 apud
615 2649 760 2708 Iunonem
783 2650 868 2709 fieret
889 2651 1018 2728 gratior,
1046 2650 1231 2710 adiecturum
1256 2670 1296 2725 se,

272 2735 301 2797 si
317 2735 375 2796 illa
391 2739 588 2813 permitteret,
606 2739 694 2799 malis
714 2738 850 2798 conflatis
870 2741 1063 2817 augmentum
1077 2740 1158 2799 ultro
1172 2739 1295 2815 pollice-

228 2838 254 2883 11
272 2827 325 2885 tur
347 2825 448 2887 dicens
470 2828 527 2886 hoc
554 2827 646 2886 etiam
668 2828 715 2887 his
743 2827 867 2902 addam,
889 2829 914 2888 si
937 2829 1065 2887 ulterior
1085 2829 1143 2887 tibi
1169 2829 1296 2887 nocendi

272 2915 415 2975 voluntas
442 2919 488 2975 est
515 2919 546 2975 et
572 2916 618 2977 vis
646 2917 755 2977 fortius
782 2918 893 2994 inpleri
920 2936 998 2993 quae
1025 2917 1108 2976 facta
1134 2919 1218 2991 sunt,
1247 2919 1294 2978 his
1323 2979 1325 2984 ,

273 3003 384 3064 addam
403 3024 481 3081 quae
504 3025 564 3066 non
588 3006 720 3066 continet
737 3005 896 3066 instructio
915 3009 982 3081 tua,
1005 3009 1042 3065 ut
1058 3006 1202 3065 finitimae
1222 3027 1295 3084 quo·

273 3113 333 3170 que
360 3093 448 3153 urbes
476 3113 578 3155 amore
605 3094 808 3155 dimicationis
836 3114 977 3154 accensae
1005 3097 1072 3155 tota
1101 3095 1294 3156 festinatione

272 3186 454 3243 concurrant
467 3186 510 3259 et,
529 3204 566 3244 ne
580 3184 747 3244 subsidium
760 3184 930 3245 volentibus
950 3183 1035 3259 desit,
1053 3203 1195 3263 spargam
1211 3205 1295 3245 arma

226 3284 255 3327 ss
271 3291 326 3349 per
358 3289 455 3351 agros.
501 3277 563 3332 tom
590 3278 692 3333 contro
718 3274 812 3333 Iuno:
843 3294 880 3332 ne
911 3273 1065 3333 videretur
1095 3276 1194 3335 minus
1226 3296 1294 3353 pro-

346 3412 380 3461 14
398 3408 538 3476 inserendi
554 3407 581 3462 V
600 3425 668 3462 corr.
689 3408 732 3463 ed.
758 3407 762 3480 l
790 3408 965 3464 crediderunt
983 3408 1026 3462 ed.
1100 3415 1134 3463 16
1152 3411 1294 3463 insaniam

272 3479 343 3534 ortis
368 3478 402 3533 V.
484 3484 517 3533 17
545 3480 799 3549 undique—apros
826 3479 905 3534 deest
932 3479 962 3533 in
987 3480 1021 3546 V,
1050 3481 1099 3535 sed
1128 3480 1292 3549 explicatur.

272 3555 306 3604 le
325 3567 382 3620 pua
395 3549 421 3604 V
439 3553 506 3620 quio
525 3552 568 3605 ed.
588 3568 657 3620 quae
675 3567 734 3605 noe.
794 3556 828 3604 20
847 3568 880 3605 ac
893 3551 1009 3606 suadere
1022 3551 1048 3605 V
1063 3552 1106 3606 ed.
1120 3553 1165 3606 bic
1177 3569 1218 3606 su.
1234 3568 1292 3606 nos.

271 3621 418 3677 21culaci
435 3622 461 3676 V
482 3623 559 3678 baud
579 3623 632 3677 leot
654 3623 697 3676 ed.
770 3627 805 3676 26
828 3624 854 3677 si
875 3629 925 3677 tuo
947 3623 1031 3677 altior
1048 3622 1074 3676 V
1096 3625 1122 3678 si
1143 3623 1227 3677 altior
1249 3624 1292 3678 ed.

269 3694 296 3748 ei
318 3693 434 3748 ulterior
458 3710 517 3748 nos.
595 3699 629 3747 26
654 3695 698 3748 tis
722 3693 826 3748 eddom
848 3693 873 3747 V
897 3695 941 3748 tis
965 3694 1063 3764 inepte
1086 3696 1239 3762 transpos.
1259 3693 1313 3744 ab.

270 3767 307 3819 28
320 3763 463 3831 festinatio
477 3765 568 3820 noreV
577 3782 646 3819 corr.
657 3764 701 3820 ed.
748 3769 782 3818 29
797 3764 904 3821 lemma
915 3765 1026 3837 incipit
1038 3783 1059 3821 a
1073 3760 1246 3835 sparpamV
1258 3757 1342 3839 111311,

269 3850 519 3906 spargam-apros
529 3853 585 3891 non
598 3836 703 3893 lemma
717 3855 780 3895 esse
792 3841 890 3911 patet,
898 3839 1232 3903 sedlemmatissupxs·
1240 3837 1357 3907 emm

265 3904 472 3974 repetitionem:
489 3909 767 3980 uadum-renuet
783 3917 857 3973 ante
873 3933 1021 3990 epurporo
1034 3913 1148 3982 inepte
1158 3896 1306 3961 inserunt
1316 3887 1374 3940 ὦ·

1162 4011 1203 4054 αὖ
