3142 4375
299 416 341 481 88
582 411 724 467 DONATI
742 411 911 467 INTERPR.
927 409 1036 468 VERG.

298 586 331 640 ut
347 582 450 656 pelopi
471 597 561 653 rupes
582 598 689 655 meque
711 582 842 640 reuieute
868 582 1000 656 fragore,
1029 596 1105 653 quae
1132 597 1205 642 sese
1233 583 1330 642 mullis

299 672 409 729 circum
432 670 608 729 latrantibus
630 670 720 728 uudr's
742 671 816 728 ruole
838 674 913 729 teuet
934 669 1059 743 seopeli,
1081 671 1331 744 nmmum

243 771 289 821 590
298 775 421 833 spumea
454 759 563 818 cereum
589 775 666 817 seru
695 759 826 831 freuuut
858 758 997 831 laterique
1028 758 1121 818 inlisa
1153 761 1331 834 refundite

300 849 384 923 algu:
420 846 606 908 admirabilis
643 849 830 924 conparati03
867 846 994 907 Latinus
1026 847 1107 907 enirn
1139 853 1331 927 conparatur

298 936 381 1013 rupi,
408 955 494 997 voces
527 936 633 1013 populi
662 936 803 996 fluctibns
832 938 862 994 et
888 935 1133 1014 tempestatibus,
1162 953 1356 1002 consensuri

299 1045 407 1085 vocum
429 1029 460 1085 et
482 1026 594 1085 clamor
617 1025 750 1085 omnium
773 1026 859 1103 algae
883 1026 1001 1086 ictibus.
1039 1025 1106 1100 ille,
1128 1026 1255 1105 inquit,
1279 1030 1330 1090 boc

300 1118 346 1175 est
368 1115 510 1190 Latinus,
537 1117 572 1173 ut
598 1114 700 1192 pelagi
727 1134 831 1190 rupes,
859 1114 974 1175 scilicet
995 1133 1100 1174 saxum
1123 1113 1241 1193 ingens
1265 1137 1330 1178 cou-

300 1206 443 1264 stitutum
460 1205 493 1263 in
512 1204 631 1281 pelago,
651 1204 800 1263 inmotum
817 1204 944 1278 resistit,
963 1223 1031 1264 cum
1047 1221 1159 1281 magno
1179 1205 1330 1268 fluctuum

300 1293 468 1370 percutitur
486 1292 619 1368 verbere,
641 1294 719 1352 mole
737 1295 821 1352 tenet
839 1294 969 1369 scopuli,
987 1292 1129 1353 inmobile
1148 1293 1187 1353 fit
1212 1298 1330 1376 magni-

300 1382 404 1442 tudine
428 1401 482 1442 sua
505 1385 535 1441 et
558 1382 670 1441 frustra
692 1383 843 1442 undarum
866 1382 1045 1442 clamoribus
1063 1383 1210 1459 urgetur,
1236 1387 1356 1447 latera!

301 1475 402 1531 autem
432 1474 494 1531 eius
522 1471 670 1530 inefficaci
692 1471 898 1531 verberatione
925 1472 1087 1547 pulsantur
1110 1472 1141 1531 et
1163 1474 1239 1534 sola
1263 1476 1330 1555 algu

301 1580 361 1619 non
393 1561 572 1638 quatiuntur
602 1560 727 1635 ictibus,
760 1560 812 1619 sed
841 1560 964 1636 perfusa
995 1562 1174 1638 tanguntur.
1224 1562 1275 1624 ita
1302 1567 1329 1625 et

301 1651 444 1711 clamores
463 1650 549 1729 vulgi
570 1668 681 1727 magno
700 1649 821 1726 quidem
843 1668 915 1709 sono
934 1650 1095 1709 veniebant
1112 1649 1154 1708 ad
1171 1648 1329 1728 Latinum,

301 1740 352 1800 scd
374 1740 519 1800 virtutem
542 1738 746 1799 commovendi
768 1758 829 1798 non
851 1738 1016 1813 habebant,
1044 1738 1160 1799 scilicet
1182 1742 1223 1800 ut
1252 1743 1328 1821 algu,

301 1849 377 1906 qnae
406 1830 524 1888 nullum
555 1827 647 1886 habet
676 1827 823 1903 impetum
852 1827 979 1887 feriendi
1008 1846 1075 1901 nec,
1107 1845 1177 1887 cnm
1207 1831 1356 1909 corporis

301 1920 444 1996 cuiquam
473 1916 566 1976 fuerit
595 1916 700 1991 inlisa,
729 1916 867 1976 sentitur.
907 1934 1010 1975 uuruu
1038 1915 1091 1976 ubr‘
1119 1917 1210 1978 uulla
1240 1921 1329 1981 duur

301 2025 418 2067 eaecuru
450 2022 610 2078 exuperare
636 2008 766 2078 potestas
799 2006 967 2065 eousilr'uru:
1002 2005 1056 2064 ubi
1086 2004 1166 2067 vidit
1198 2007 1327 2069 Latinus

301 2115 423 2155 caecum
446 2093 650 2154 multitudinis
673 2094 806 2153 furorem
832 2094 956 2155 consilio
985 2095 1120 2171 superari
1142 2114 1207 2155 non
1231 2115 1327 2175 posse,

302 2190 328 2244 et
357 2201 463 2244 suevae
492 2188 566 2242 uulu
597 2184 723 2243 luueur's
755 2189 824 2243 euut
850 2203 912 2244 res:
948 2188 978 2244 et
1007 2203 1054 2245 res
1084 2201 1138 2260 pro
1166 2185 1327 2249 voluntate

303 2273 463 2334 saevientis
486 2273 608 2334 Iunonis
631 2293 692 2333 non
710 2293 783 2333 sano
807 2277 939 2334 tractatu
963 2273 1118 2347 currentis,
1140 2276 1240 2336 multa
1262 2278 1358 2337 cuer

302 2380 450 2436 aurasque
469 2368 556 2436 puter
578 2367 699 2422 testatus
721 2364 837 2421 tueris:
864 2364 968 2423 multis
996 2362 1095 2422 verbis
1122 2365 1260 2427 testatus
1284 2368 1327 2427 cst

303 2454 373 2513 deos
401 2455 432 2512 et
458 2454 539 2530 ipsas
572 2454 649 2512 aeris
680 2471 784 2527 auras3
815 2471 903 2527 quem
933 2451 1013 2509 enim
1042 2451 1137 2510 alium
1169 2453 1327 2515 adhiberet

303 2541 467 2602 voluntatis
495 2561 567 2601 suae
595 2544 703 2601 testem
731 2541 869 2600 omnibus
897 2540 951 2617 qui
978 2540 1104 2600 aderant
1131 2540 1236 2602 furore
1266 2563 1327 2605 cor·

302 2630 419 2708 ruptis?
466 2633 636 2706 fruugr'ruur
657 2632 713 2689 lieu
731 2631 816 2704 felis,
844 2630 952 2701 iuquit,
980 2631 1160 2702 serimusque
1180 2634 1327 2703 procella:

302 2723 381 2781 inter
398 2723 446 2780 tot
463 2721 584 2780 insanos
604 2721 685 2780 solus
703 2719 830 2779 Latinus
849 2718 968 2796 integro
987 2718 1111 2778 consilio
1130 2718 1204 2796 fuit,
1230 2723 1359 2782 solum!l

303 2811 381 2869 enim
404 2829 464 2869 non
488 2811 725 2869 commutaverat
747 2807 823 2866 Iuno
847 2809 895 2867 vel
917 2808 1019 2866 Furia.
1055 2810 1085 2866 et
1108 2826 1177 2867 cum
1199 2811 1327 2888 populo·

302 2920 369 2958 rum
396 2898 530 2960 saeviens
559 2917 667 2976 agmen
694 2898 775 2958 solus
805 2916 945 2974 superare
974 2895 1124 2972 nequiret,
1157 2897 1326 2961 voluntatis

304 3007 375 3048 suae
399 2988 467 3048 deos
491 3006 553 3047 esse
572 2987 669 3047 voluit
687 2989 778 3046 testes
798 2989 888 3063 atque
908 3003 1010 3060 auras,
1033 3003 1163 3046 vacuum
1181 3004 1213 3046 se
1235 2989 1276 3049 ab
1295 3008 1326 3049 eo

304 3078 385 3154 quod
405 3076 563 3154 gerebatur
582 3078 690 3136 scelere
710 3077 832 3152 cupiens
853 3074 1064 3135 demonstrare.
1098 3074 1207 3150 Itaque
1227 3078 1328 3155 erupit

303 3168 336 3225 in
354 3184 455 3226 vocem
474 3165 657 3224 istiusmodi:
680 3166 849 3242 frangimur
866 3165 926 3222 heu
944 3164 1031 3238 fatis,
1054 3164 1167 3239 inquit,
1186 3163 1327 3227 ferimur·
1341 3174 1361 3215 ³⁰

305 3274 362 3332 que
385 3254 524 3332 procella.
559 3255 729 3332 frangimur
751 3258 781 3313 et
799 3253 944 3329 procella,
967 3252 1079 3329 inquit,
1102 3253 1242 3315 ferimur:
1261 3276 1327 3335 per-

304 3364 443 3406 severans
461 3345 493 3404 in
512 3363 547 3403 eo
565 3346 656 3421 poeta
675 3343 755 3420 qnod
772 3343 805 3401 in
826 3342 929 3402 Latini
950 3341 1164 3417 conparatione
1185 3347 1326 3421 superins

376 3488 391 3536 9
407 3486 547 3551 permetere
561 3479 587 3532 V
600 3480 757 3548 percutitur
771 3477 815 3531 ed,
872 3482 904 3530 12
923 3478 1048 3546 quatitur
1061 3475 1087 3530 V
1101 3477 1270 3546 quatiuutur·
1284 3478 1326 3534 ed.

306 3558 339 3606 16
353 3556 480 3622 cuiquem
495 3568 549 3605 cm.
560 3549 603 3603 ed.
652 3555 684 3604 17
699 3550 814 3604 eousilr'o
828 3548 969 3602 Donatum
983 3548 1086 3618 legisse
1100 3565 1176 3617 susp.
1187 3545 1326 3619 Hoppiue.

307 3628 340 3676 18
358 3640 485 3693 superare
500 3622 526 3675 V
546 3639 614 3676 corr.
633 3621 676 3675 ed.
745 3625 779 3674 20
798 3622 934 3675 curreutie
947 3619 973 3673 V
992 3626 1046 3674 -tes
1065 3619 1108 3674 ed.
1178 3624 1212 3673 21
1231 3623 1327 3677 multis

305 3694 430 3748 rerbicV
448 3696 537 3748 multu
555 3711 580 3748 u.
600 3692 643 3746 ed.
705 3696 739 3744 24
755 3692 880 3760 prebella
892 3691 926 3746 V.
989 3696 1022 3744 29
1041 3688 1216 3760 rupitVed.
1236 3693 1328 3762 eupit

306 3780 357 3818 nos
377 3764 411 3818 cf.
429 3782 453 3819 v.
470 3769 530 3818 120,
600 3768 634 3817 30
652 3765 744 3832 iuquit
762 3780 815 3817 om.
831 3763 874 3817 ed.
944 3767 976 3815 32
992 3769 1075 3832 poeta
1093 3762 1166 3832 quod
1179 3760 1206 3816 V
1220 3763 1265 3817 ed.
1284 3766 1327 3819 in·

305 3851 414 3889 versum
432 3835 530 3890 malim
548 3837 665 3905 propter
683 3836 794 3903 imperii
811 3836 864 3890 sui.
