3142 4375
252 452 296 518 60
536 447 675 504 nouem
692 447 985 504 muneramus.

251 620 373 693 scelere,
401 618 453 678 sed
474 616 613 677 manibus
640 619 775 695 paternis
804 615 946 677 offertur?
993 636 1011 677 o
1038 617 1166 677 unicum
1199 619 1279 680 eola-

251 708 330 766 cium
367 708 541 781 senectutis,
576 725 594 765 o
626 707 788 767 liberorum
819 726 955 767 meorum
985 709 1055 784 post
1084 708 1135 767 tot
1166 708 1280 769 mnam

251 796 438 856 miserandae
455 795 614 872 reliquiae:
632 796 745 855 nihilne
763 796 901 856 intererit
917 797 996 855 inter
1013 796 1113 856 luctus
1133 798 1167 857 et
1182 797 1279 859 vota?

252 904 368 961 semper
398 903 453 963 ego
485 885 642 963 plangam,
674 904 791 962 semper
820 886 960 946 lacrimas
993 882 1142 944 fundam?
1185 886 1279 967 lugeo

252 977 386 1034 mortuos
409 976 440 1034 et
462 974 518 1033 sub
540 974 671 1060 imagine
689 978 830 1035 votorum
851 976 885 1033 in
907 974 987 1034 filiae
1009 974 1109 1033 luctus
1132 975 1309 1053 inpellunt

253 1083 350 1140 aequa
372 1064 457 1122 lance
479 1064 512 1122 in
535 1063 695 1123 orbitatem
716 1083 815 1123 meam
836 1065 963 1123 maritus
991 1067 1022 1123 et
1048 1063 1176 1124 fortuma
1209 1085 1280 1127 con·

252 1153 381 1212 tendunt
410 1155 441 1210 et
469 1153 503 1210 in
530 1152 588 1212 hac
619 1156 705 1229 parte
738 1153 841 1212 mitior
870 1154 993 1212 fortuna
1020 1170 1112 1229 quam
1140 1156 1280 1231 genitor:

252 1241 376 1319 reliquit
397 1242 452 1301 illa
471 1259 548 1317 quae
569 1244 751 1319 temperaret
772 1242 911 1301 lacrimas
934 1260 1030 1317 meas,
1053 1243 1142 1318 pater
1159 1242 1281 1305 infelici

252 1331 335 1391 tollit
367 1331 447 1407 quod
479 1330 613 1391 saeviens
644 1332 766 1390 inimica
799 1331 920 1390 dimisit.
964 1349 1026 1389 non
1050 1329 1164 1390 addam
1196 1334 1282 1411 qnod

253 1419 406 1479 euidenter
437 1423 576 1497 apparet,
607 1439 703 1496 neque
736 1420 816 1479 enim
850 1420 1009 1480 incusandi
1037 1421 1109 1480 sunt
1139 1420 1193 1481 illi
1228 1425 1314 1501 quia

254 1509 409 1586 proprium
431 1509 468 1568 de
490 1527 521 1569 se
544 1509 673 1568 habuere
695 1509 856 1569 iudicium:
882 1529 943 1568 non
966 1510 1033 1568 ausi
1056 1510 1128 1568 sunt
1151 1529 1281 1587 poscere

254 1599 336 1675 quod
358 1598 472 1675 optimo
495 1598 607 1659 iudicio
626 1598 722 1675 patris
739 1598 891 1674 inpetrare
908 1617 970 1657 non
987 1600 1161 1675 potuerant
1201 1621 1281 1679 quos

254 1690 397 1764 putamus
410 1688 494 1748 illius
507 1688 615 1766 perfidi
633 1706 712 1747 nunc
730 1706 794 1747 esse
811 1686 980 1747 tractatus?
1010 1686 1127 1764 aliquid
1144 1692 1283 1752 monstri

254 1795 307 1838 nos
335 1779 477 1838 aestimat
503 1778 655 1856 genuisse,
682 1780 850 1836 monstrum
873 1777 952 1836 alere
979 1780 1010 1836 et
1031 1779 1207 1838 monstrum
1230 1779 1282 1840 de-

254 1867 348 1927 forme
374 1867 503 1942 nutrire,
529 1885 591 1924 non
616 1884 647 1926 se
674 1866 726 1924 ille
753 1867 924 1943 praelatum
953 1865 1058 1925 ceteris
1087 1868 1196 1942 putat,
1227 1870 1282 1930 sed
1298 1884 1317 1926 u

255 1956 493 2015 coniunctionem
515 1957 650 2014 nostram
673 1957 795 2014 cunctos
817 1955 930 2015 incolas
949 1956 1109 2014 horruisse.
1151 1958 1232 2031 quid
1250 1963 1282 2020 te

256 2043 452 2103 arbitrabitur
474 2044 525 2103 ille
545 2042 713 2103 sectatum?
735 2042 845 2103 fidem?
868 2047 901 2103 at
919 2044 1004 2104 nouit
1021 2063 1053 2103 se
1071 2062 1106 2103 ac
1120 2062 1196 2108 suos
1217 2066 1282 2109 esse

255 2133 386 2191 fallaces.
423 2130 537 2211 genus?
582 2131 729 2209 quidnam
757 2135 860 2194 nostro
891 2131 1063 2194 consimile?
1111 2134 1282 2198 notitiam?

257 2241 334 2299 quae
357 2222 417 2280 ista
439 2221 505 2282 est?
546 2221 721 2282 fortunam?
756 2223 825 2283 illos
849 2224 922 2282 olim
943 2223 1103 2302 indignata
1125 2223 1279 2287 destituit

256 2311 437 2372 auxiliorum
468 2310 571 2388 spem?
618 2312 810 2371 conciderunt
841 2313 901 2371 ista
937 2332 1005 2371 cum
1037 2311 1142 2388 Ἠοίας
1179 2335 1282 2394 neque
1297 2332 1318 2374 aa

256 2399 336 2458 enim
359 2400 484 2477 sperabo
507 2402 682 2478 profuturos
706 2402 817 2460 nostris
846 2401 900 2478 qui
922 2400 1044 2478 propria
1071 2400 1280 2478 perdiderunt

257 2488 419 2566 superioris
454 2490 593 2550 fortunae
629 2488 781 2549 reditum?
823 2489 922 2549 nescio
960 2491 1080 2567 quando
1115 2495 1281 2566 provenire

256 2577 353 2654 possit
382 2578 436 2655 qui
464 2599 518 2656 per
544 2579 691 2639 Troianos
720 2580 844 2656 reperiri
874 2598 934 2638 non
966 2574 1076 2656 potuit
1117 2599 1172 2640 nec
1202 2583 1282 2643 mihi

256 2667 429 2743 persuaderi
453 2672 554 2745 potest
576 2669 709 2746 aliquem
731 2668 840 2727 Troiae
868 2686 1021 2745 superesse
1049 2669 1180 2745 felicem,
1210 2691 1282 2732 oum

257 2758 385 2816 evasisse
416 2757 527 2818 crimen
556 2758 598 2818 sit
629 2760 660 2817 et
689 2757 798 2816 vixisse
826 2761 1018 2817 tormentum.
1064 2757 1137 2835 quin
1165 2762 1281 2837 potins,
1296 2775 1317 2818 u

256 2846 284 2906 si
305 2846 472 2907 infelicium
494 2847 631 2907 facienda
654 2845 853 2906 consideratio
877 2850 935 2921 est,
962 2847 1136 2906 meruerunt
1159 2848 1281 2927 aliquid

256 2936 288 2994 in
315 2936 448 2997 adversis
481 2955 555 3012 quos
587 2938 621 2996 in
647 2935 801 2995 laboribus
830 2937 892 2995 suis
919 2935 1060 2994 ultimum
1094 2937 1281 3013 supplicium

257 3028 373 3083 mature
396 3026 588 3103 consumpsit.
635 3024 737 3085 emissi
759 3027 832 3084 sunt
853 3024 918 3100 isti,
945 3026 981 3082 ut
1002 3024 1109 3084 iactati
1133 3044 1189 3101 per
1210 3030 1280 3088 uni·

259 3131 358 3172 versos
381 3114 486 3172 mundi
509 3115 644 3174 cardines
668 3132 779 3191 poenas
802 3114 1014 3189 expenderent,
1040 3133 1078 3173 ne
1101 3114 1170 3191 quis
1192 3115 1282 3177 fieret

257 3201 390 3277 reliquus
427 3203 481 3279 qui
512 3204 712 3263 Troianorum
747 3202 871 3260 exitium
907 3202 1103 3278 miseriasque
1140 3203 1279 3266 nesciret
1296 3219 1318 3262 a

331 3413 347 3461 8
372 3407 481 3473 infelici
502 3407 528 3462 V
554 3409 623 3462 mebi
644 3409 697 3476 inf.
723 3408 766 3461 ed.
846 3414 879 3462 13
906 3415 1078 3464 monstmrosc
1102 3409 1231 3465 aestimat
1255 3410 1282 3465 V

258 3481 374 3534 mortem
399 3496 449 3534 nos
476 3497 516 3535 ae.
544 3496 595 3534 nos
628 3479 663 3534 of.
694 3497 720 3533 v.
745 3484 797 3534 268
833 3487 1033 3535 monetmoaum
1064 3481 1201 3535 mirumst
1233 3482 1279 3539 ed.

260 3556 293 3604 15
311 3552 358 3606 alle
376 3550 402 3605 V
422 3552 494 3606 caim
515 3551 559 3606 ed.
634 3557 665 3605 17
685 3567 712 3606 ec
730 3568 764 3606 uc
781 3567 831 3606 uos
848 3550 875 3604 V
892 3551 935 3605 ed.
958 3569 987 3606 sc
1004 3568 1039 3605 uc
1056 3567 1120 3606 saca
1140 3550 1184 3605 ed.
1203 3556 1279 3621 poet.

260 3626 294 3675 18
316 3623 432 3689 seduces
449 3622 476 3676 V
497 3623 591 3690 fallea
616 3622 659 3676 ed
686 3640 750 3676 oum
774 3622 847 3676 falsa
872 3622 1061 3677 distinetione.
1092 3622 1096 3693 Ι
1128 3623 1197 3690 quid
1221 3630 1281 3680 tam

259 3699 311 3747 rar-o
327 3693 353 3748 V
371 3711 414 3762 qa.
430 3702 448 3750 t.
461 3701 580 3750 macetro
598 3693 642 3748 ed.
661 3694 794 3763 quidnam
812 3700 905 3749 nostro
923 3710 981 3747 nos.
999 3694 1002 3765 t
1023 3695 1151 3748 notitiam
1168 3710 1241 3762 quac
1253 3695 1281 3750 V

260 3782 329 3834 quac
346 3766 499 3834 prudentia
524 3764 568 3820 ed.
642 3770 676 3818 20
701 3782 775 3834 apem
793 3764 820 3818 V
841 3782 901 3834 apes
924 3765 968 3820 ed.
1046 3770 1080 3818 22
1103 3765 1210 3820 reciae
1235 3767 1280 3823 ed.

260 3842 295 3890 24
309 3838 475 3906 persuadere
494 3837 520 3892 V
537 3838 576 3891 ci
594 3835 638 3891 ed.
711 3843 745 3892 26
763 3837 918 3892 emmeliotio
936 3835 962 3888 V
980 3837 1149 3904 comparatio
1167 3836 1213 3892 ed.
