3142 4375
309 518 352 585 52
592 514 733 571 nouam
750 514 1044 570 munstravero.

308 685 400 745 bella:
434 684 521 745 bellis
554 686 679 760 aptatur
710 684 853 761 quicquid
884 684 971 743 triste
1004 686 1062 760 est,
1094 682 1215 759 quando
1249 684 1333 743 enim

308 774 436 851 possunt
463 792 526 833 esse
555 772 635 832 bella
663 791 723 831 non
751 770 875 833 tristia?
914 772 1048 849 iraeque:
1077 790 1245 848 numquam
1270 774 1333 833 nisi

309 865 369 922 iras
393 881 596 937 commovens,
619 862 727 939 quibus
750 862 851 921 fuerat
868 863 972 938 plena3
993 860 1193 938 insidiaeque:
1216 861 1259 919 ad
1282 881 1332 922 ex·

310 951 487 1029 cogitandas
509 951 635 1012 insidias
659 951 784 1027 artifex;
808 954 839 1010 et
861 950 988 1010 crimina
1010 951 1100 1009 noxia
1122 948 1216 1010 cordi:
1242 969 1332 1011 omne

311 1059 431 1118 quoque
454 1040 612 1100 noxiorum
635 1040 793 1100 criminum
818 1058 912 1118 genus
940 1039 1075 1100 sensibus
1098 1038 1332 1101 detestabilibus
1358 1052 1368 1094 s

309 1133 442 1206 portans.
489 1130 589 1189 omnia
612 1149 689 1206 quae
717 1129 794 1189 dixit
814 1131 848 1187 in
875 1147 910 1188 ea
932 1129 1026 1188 fuisse
1052 1132 1223 1189 monstrata
1250 1133 1333 1204 sunt,

310 1238 378 1279 oum
395 1219 507 1278 Iunoni
523 1218 677 1297 negotium
694 1221 823 1297 gereret,
846 1237 900 1277 nec
916 1218 991 1277 baec
1009 1218 1073 1277 sola
1091 1234 1170 1294 quae
1191 1218 1333 1295 superius

311 1308 392 1367 dicta
420 1311 492 1367 sunt
518 1327 623 1368 verum
656 1309 749 1367 etiam
779 1308 842 1367 alia
868 1327 945 1384 quae
975 1310 1151 1385 sequentur:
1183 1326 1255 1366 cum
1282 1307 1333 1367 dc·

310 1398 457 1457 testandis
475 1397 590 1456 artibus
609 1396 774 1456 abundaret
792 1400 823 1456 et
840 1400 918 1456 esset
935 1396 1046 1456 idcirco
1064 1396 1169 1455 odiosa
1182 1397 1334 1472 omnibus,

311 1486 502 1563 displicebat,
533 1486 647 1564 inquit,
679 1488 771 1546 etiam
799 1485 860 1544 illis
892 1486 1001 1562 quibus
1028 1487 1146 1563 placere
1174 1483 1370 1561 debueratis

311 1575 434 1635 Plutoni
456 1575 571 1635 scilicet
592 1578 624 1635 et
645 1576 798 1636 sororibus
821 1574 897 1650 suis,
920 1577 1015 1635 omnis
1038 1576 1119 1634 enim
1138 1574 1282 1651 nequitia
1304 1567 1357 1636 et¹

312 1665 420 1724 scelere
448 1668 651 1741 superaverat.
692 1666 765 1723 haec
788 1667 908 1722 tantum
929 1664 1018 1723 malis
1041 1664 1158 1723 artibus
1180 1663 1334 1725 redunda-

311 1754 377 1829 bat,
399 1756 435 1812 ut
457 1772 517 1813 uno
540 1753 702 1830 eodemque
725 1756 875 1812 momento
899 1771 976 1830 quas
993 1753 1085 1812 vellet
1106 1754 1282 1813 mutaretur
1303 1756 1336 1815 in

311 1844 422 1903 formas
445 1846 477 1903 et
499 1844 620 1920 quantis
644 1861 720 1919 opus
743 1845 822 1901 esset
843 1841 1030 1918 serpentibus
1054 1842 1232 1919 pullularet,
1257 1844 1337 1903 nihil

312 1933 340 1991 ei
353 1932 558 2010 gratissimum
577 1934 643 1990 erat
659 1932 719 1990 nisi
737 1932 820 2009 quod
837 1931 936 1990 luctus
954 1931 1078 1991 baberet
1095 1934 1126 1990 et
1143 1933 1336 2010 sanguinem.
1353 1948 1373 1991 rs

311 2021 565 2096 vituperationem
598 2020 687 2080 istius
718 2020 829 2079 Furiae
859 2020 1011 2097 Vergilius
1043 2040 1079 2080 ex
1110 2038 1240 2097 persona
1280 2042 1337 2083 sua

312 2110 426 2185 posuit,
454 2108 506 2168 sed
532 2108 587 2167 ubi
615 2110 653 2168 ad
682 2109 827 2169 Iunonem
854 2113 976 2169 ventum
999 2113 1057 2183 est,
1085 2109 1179 2168 animi
1206 2110 1256 2170 sui
1285 2131 1337 2171 ne-

312 2200 450 2258 cessitate
471 2201 608 2274 permota
630 2200 712 2275 quod
734 2199 957 2259 condemnabile
979 2201 1012 2258 in
1034 2199 1127 2259 ltu-ia
1153 2199 1214 2258 fuit
1241 2201 1338 2261 vertit

250 2288 343 2347 330in
367 2287 493 2347 laudern
539 2306 628 2361 quom
654 2289 733 2346 Iuno
759 2290 807 2348 bis
833 2291 914 2348 aero
940 2290 1037 2348 verbis
1066 2306 1102 2348 ac
1130 2289 1205 2348 lolia
1233 2291 1337 2362 satier:

312 2376 440 2437 acuebat
460 2378 538 2437 hanc
556 2379 632 2436 luno
654 2377 752 2437 verbis
775 2378 838 2436 suis
862 2381 892 2438 et
913 2377 1161 2437 instinctionibus
1184 2379 1337 2455 pessimis,
1353 2395 1373 2436 s

312 2468 347 2524 ut
368 2467 449 2524 mala
472 2469 582 2526 natura
603 2468 797 2543 persuasione
817 2467 969 2543 loquentis
988 2466 1116 2526 deterior
1133 2467 1232 2526 fieret:
1255 2469 1338 2528 hunc

312 2555 442 2614 milido
455 2559 623 2630 proprium,
642 2557 724 2630 circo
742 2560 810 2615 sala
826 2557 925 2624 Nocte,
944 2557 1085 2624 laborem,
1103 2557 1181 2615 lione
1197 2574 1337 2630 operum:

312 2644 388 2702 nihil
410 2665 429 2703 a
451 2648 491 2718 te,
514 2647 612 2723 virgo,
642 2646 799 2721 quaeritur
829 2646 973 2720 alienum,
1003 2665 1057 2704 nec
1084 2644 1235 2705 laborabis
1265 2667 1336 2724 pro

311 2734 412 2792 videre
435 2734 515 2809 quod
536 2734 638 2793 habes.
684 2733 839 2810 proprium
866 2734 977 2810 quippe
1001 2734 1125 2793 esttibi
1151 2734 1233 2811 quod
1257 2738 1337 2797 milri

312 2826 359 2881 est
388 2823 422 2880 in
448 2826 581 2899 tempore
614 2825 827 2896 necessarium,
863 2824 993 2898 primum
1032 2824 1112 2900 quod
1144 2822 1213 2883 inde
1245 2838 1369 2902 praes

311 2911 433 2969 ferenda
450 2929 495 2986 es,
518 2912 598 2988 quod
616 2915 646 2970 te
664 2915 793 2970 taetram
811 2912 1001 2971 tenebrarum
1020 2912 1190 2972 substantia
1213 2918 1336 2991 genuit,

313 3019 404 3074 opera
426 3000 491 3058 sola
508 3002 675 3059 necessaria
693 3004 751 3075 est,
775 3005 907 3059 ceterum
929 3000 1079 3077 inplendis
1099 3020 1176 3078 quae
1195 3000 1335 3065 desidero

313 3091 417 3162 aptam
444 3088 522 3165 geris
551 3089 833 3166 convenientemque
860 3107 1026 3166 personam.
1072 3110 1138 3149 eece
1165 3090 1244 3151 Iuno
1274 3113 1335 3154 non

312 3177 409 3235 utitur
436 3179 500 3235 arte
529 3177 671 3254 poscendi
701 3197 755 3236 neo
787 3178 985 3238 subtilitatem
1017 3181 1137 3256 quaerit
1167 3197 1223 3238 nec
1255 3185 1336 3258 petit

313 3265 429 3341 aliquid
456 3266 533 3340 fieri,
562 3268 614 3325 sed
641 3266 737 3341 iubet,
767 3268 896 3344 denique
925 3269 1024 3328 verbis
1053 3268 1255 3345 imperativis:
1289 3272 1367 3345 das

312 3354 421 3430 inquit,
438 3353 580 3429 laborem,
592 3357 649 3414 hoc
667 3359 713 3415 est
729 3356 867 3433 inpendo,
885 3360 916 3416 et
932 3358 1013 3418 infra
1031 3358 1106 3418 dixit
1123 3356 1242 3433 dmsiee,
1255 3377 1336 3437 sere,

385 3548 401 3594 2
415 3545 594 3610 iraeque—3
609 3543 808 3598 commoveret(
821 3547 927 3598 temere
940 3548 1009 3599 mut.
1021 3546 1064 3598 ed.
1111 3551 1127 3599 3
1141 3547 1199 3601 cisi
1212 3549 1336 3618 acqucV

312 3613 483 3681 {viduaeque
507 3631 558 3667 nos
583 3620 610 3668 et
633 3631 718 3682 acque
743 3615 786 3668 ed.
863 3621 879 3669 5
902 3616 1091 3671 noaeiommV
1114 3619 1231 3673 noxium
1256 3621 1304 3676 ed.
1329 3623 1332 3691 Ι

312 3687 430 3739 sensnm
447 3683 472 3735 V
489 3686 613 3740 sensibus
630 3684 717 3739 HOU
735 3685 778 3739 ed.
848 3693 881 3740 10
899 3690 986 3742 insuit
1003 3687 1028 3740 V
1046 3689 1138 3756 inquit
1159 3705 1212 3742 nos
1235 3692 1336 3748 intutis

313 3755 400 3810 1101?
418 3756 462 3811 ed.
518 3762 551 3810 18
569 3756 817 3812 mmmmoaev
835 3759 992 3813 damnabile
1007 3758 1061 3813 OU
1075 3760 1119 3813 ed.
1174 3765 1209 3813 24
1229 3762 1335 3820 aboev

313 3827 395 3882 ³*redes
419 3828 463 3881 ed.
542 3834 577 3882 26
601 3835 698 3883 mam
716 3828 742 3881 V
765 3847 818 3884 om.
838 3831 881 3884 ed.
962 3835 995 3883 at
1020 3848 1130 3898 operam
1147 3830 1174 3882 V
1197 3848 1269 3888 corr.
1290 3834 1336 3891 ed.

331 3899 477 3968 vderrr'que
494 3917 548 3954 onr.
564 3900 609 3956 ed.
685 3907 719 3956 31
739 3908 872 3958 et—sere
890 3918 948 3956 om.
961 3901 1008 3955 cd.
1026 3901 1119 3968 sepeli
1142 3918 1198 3954 sese
1211 3920 1278 3960 nes.
