3142 4375
663 493 915 550 Anrnmosrn
1255 498 1300 563 23

281 666 394 725 factum
417 666 463 724 est
486 682 556 742 ergo
579 662 699 739 saepius
722 665 753 721 et
775 665 881 722 contra
904 681 1017 722 morem
1040 665 1167 723 naturae
1189 662 1301 723 mundo

280 754 410 813 nubibus
429 754 520 813 caelo.
547 772 611 812 uua
628 755 747 811 tantum
765 751 858 811 nubes
873 752 940 811 visa
953 754 1008 826 est
1021 751 1073 811 sed
1086 751 1179 811 radiis
1194 754 1301 813 ardens

280 844 354 904 lucis
384 845 415 902 et
442 861 533 903 aureo
566 841 724 918 splendore
750 841 880 899 rutilans
908 844 999 918 atque
1026 842 1085 915 ita,
1112 844 1149 900 ut
1174 842 1206 899 iu
1234 842 1302 919 ipsa

281 952 400 1009 quoque
431 934 509 992 esset
536 930 746 1008 prosperitatis
775 931 902 1007 signum.
948 931 1014 1007 ipse
1040 948 1134 988 manu
1162 930 1301 1007 quatiens

249 1022 413 1082 sostendit
446 1021 483 1080 ab
517 1021 638 1080 aethere
669 1019 792 1078 nubem:
823 1020 922 1096 ipsam
953 1019 1064 1079 nubem
1095 1020 1139 1079 sic
1164 1019 1303 1097 Iuppiter

281 1111 499 1171 demonstravit
527 1108 675 1185 plaudens
703 1127 810 1182 manu,
841 1111 877 1168 ut
908 1111 1067 1185 appareret
1089 1128 1158 1168 eum
1190 1110 1302 1185 cepisse

281 1204 353 1260 vota
380 1202 411 1258 et
438 1199 627 1278 gratulatum
658 1198 740 1274 quod
767 1197 891 1256 Troiani
922 1197 961 1257 sd
987 1198 1111 1257 Italiam
1142 1198 1301 1258 venissent.

282 1289 393 1349 diditur
420 1290 467 1347 m'e
494 1288 588 1346 sedito
614 1288 748 1347 Troiana
772 1304 830 1359 per
862 1288 983 1361 cymino
1014 1304 1116 1345 rmaor
1148 1288 1363 1350 ademissent

281 1379 358 1437 de'em
381 1395 437 1451 qao
460 1377 558 1436 demto
581 1377 696 1444 moem'e
723 1376 864 1434 comdant:
891 1394 993 1435 rumor
1019 1378 1141 1452 repente
1167 1376 1301 1436 exoriens

236 1484 263 1523 ro
283 1468 321 1527 ad
335 1467 417 1526 auris
431 1464 566 1524 omniurn
577 1484 690 1543 magna
708 1484 775 1523 cum
791 1465 995 1542 gratulatione
1012 1466 1150 1541 pervenit
1163 1464 1302 1526 adserens

282 1557 398 1616 venisse
421 1557 540 1629 tempus
563 1557 594 1614 et
615 1554 695 1613 diem
718 1573 778 1631 quo
802 1553 867 1613 dari
890 1572 982 1629 opera
1005 1554 1166 1613 condendis
1193 1554 1302 1615 debitis

283 1643 427 1703 aedificiis
444 1645 554 1719 posset.
595 1644 725 1703 certatim
742 1644 915 1702 immorant
932 1643 1043 1715 malas,
1062 1644 1119 1703 hoc
1137 1645 1184 1703 est
1201 1645 1301 1705 couvi·

283 1733 368 1793 vium
389 1734 539 1811 revooant,
557 1737 642 1806 atque
664 1733 760 1791 ome'm
786 1749 894 1807 moeno
918 1736 1049 1791 meteres
1076 1732 1145 1791 laete'
1170 1736 1303 1792 stotmmt

284 1823 402 1881 etaim
429 1826 582 1881 coronent:
609 1822 728 1882 vinaria
754 1839 829 1881 vasa
856 1823 1074 1881 coronaverunt
1099 1821 1185 1881 novis
1212 1822 1302 1881 rebus

238 1925 264 1965 rs
283 1930 425 1988 prospera
448 1912 550 1970 omnia
571 1910 724 1970 facientes.

351 2002 474 2060 Postera
497 2018 564 2059 cmm
581 2001 680 2075 primo
703 1999 850 2059 lustrabat
867 2000 1004 2072 lampade
1026 2003 1121 2058 terras
1143 2003 1209 2057 orta
1231 1999 1301 2069 dies,

281 2091 383 2149 urbem
396 2094 423 2149 et
439 2090 511 2161 rimis
534 2093 561 2148 et
579 2090 665 2148 litero
681 2088 776 2162 rearis
795 2089 905 2148 diverse
922 2090 1089 2162 exploraret:
1110 2086 1200 2163 [leaeo
1211 2089 1364 2161 fontismo

281 2184 388 2255 stupea
409 2178 544 2249 Nmme'ee',
568 2179 646 2238 dureo
669 2178 809 2252 leporem
831 2178 967 2250 flamma,
991 2179 1038 2237 lee'e
1059 2178 1145 2251 fortis
1169 2178 1303 2237 habitare

281 2267 440 2344 Lote'mosJ:
476 2287 543 2327 cum
576 2286 646 2329 vero
668 2267 818 2343 posterior
840 2266 903 2326 dies
925 2269 996 2328 solis
1019 2268 1112 2328 radiis
1135 2267 1302 2342 claruisset,

237 2374 264 2412 1ο
282 2359 423 2418 successit
455 2376 559 2416 eorum
586 2357 820 2432 conplendorum
845 2375 917 2415 curu
944 2375 1022 2433 quae
1055 2358 1207 2432 superiore
1236 2357 1303 2414 luce

283 2447 399 2507 Aeneas
431 2447 609 2525 vestiganda
640 2447 847 2505 mandaverat.
888 2446 994 2506 divisis
1019 2445 1114 2523 igitur
1139 2445 1302 2504 celeritatis

284 2553 373 2595 causa
397 2536 503 2596 officiis
527 2555 604 2612 quae
622 2536 832 2612 perquirerent
854 2536 990 2594 consulto
1013 2534 1121 2610 partiti
1143 2537 1226 2608 sunt,
1250 2533 1304 2593 alii

284 2624 397 2700 urbem,
409 2625 477 2684 finis
496 2625 559 2701 alii,
572 2625 711 2684 nonnulli
724 2625 939 2683 commanentis
954 2628 985 2683 et
998 2624 1088 2683 litora
1101 2623 1304 2701 requirebant,

285 2716 358 2771 tunc
383 2715 633 2775 renuntiaverunt
655 2717 765 2791 stagna
786 2713 910 2772 Numici
931 2714 996 2772 illic
1019 2731 1082 2773 esse
1106 2716 1138 2772 et
1160 2711 1305 2788 Thybrim

239 2816 266 2856 so
284 2802 410 2861 fluvium
438 2805 469 2861 et
494 2806 590 2863 terras
617 2802 748 2880 regionis
780 2801 863 2862 illius
895 2803 982 2862 fortis
1010 2802 1135 2861 Latinos
1167 2800 1304 2860 incolere.

284 2896 354 2949 temo
375 2893 458 2949 satas
475 2889 608 2950 Anchisa
626 2893 747 2951 delectos
764 2893 867 2950 ordme
885 2892 923 2951 ob
941 2893 1022 2950 omrer'
1044 2895 1158 2950 ceretmm
1175 2892 1305 2964 oratores

285 2983 412 3054 amasa
435 2979 475 3038 od
496 2982 612 3039 moenio
633 2982 711 3055 repis
732 2982 776 3041 e'rc
798 2981 888 3050 iudet,
912 2981 1006 3039 ramis
1032 2980 1141 3038 celatos
1167 2978 1303 3038 Palladis

284 3069 393 3128 ommis:
424 3068 495 3128 lieet
521 3069 623 3129 fatalis
650 3072 745 3129 terras
777 3088 841 3129 esse
874 3070 1037 3143 constaret,
1069 3071 1170 3126 tamen
1198 3066 1304 3127 officiis

356 3244 372 3293 2
390 3239 438 3294 sed
455 3239 597 3307 radiisque
614 3239 753 3294 ardentem
771 3240 841 3292 lucis
859 3244 885 3292 et
902 3255 972 3292 auro
989 3238 1117 3307 splendor
1133 3238 1256 3291 rutilam
1270 3235 1304 3289 V:

283 3310 355 3365 haec
375 3310 508 3365 librarius
528 3308 613 3362 rubro
634 3309 726 3363 colore
745 3309 858 3376 scripsit
876 3309 914 3362 ad
932 3309 1035 3363 lemme
1054 3308 1199 3374 aberrans,
1219 3324 1305 3376 quare

284 3382 423 3451 corrigere
436 3398 493 3435 non
508 3379 649 3445 dubitavi,
663 3381 759 3447 inepte
776 3380 819 3433 ed.
834 3381 938 3434 rectius
952 3381 995 3434 ed.
1010 3382 1082 3449 post.
1138 3385 1154 3433 6
1171 3377 1306 3448 cepisseV

284 3455 418 3522 recepisse
437 3453 479 3508 ed.
541 3457 575 3506 10
593 3469 655 3506 cam
674 3467 727 3504 om.
747 3451 791 3505 ed.
852 3457 883 3504 11
904 3452 969 3506 dari
986 3469 1111 3520 opera-
1126 3456 1160 3504 12
1174 3448 1306 3520 possetV

283 3525 310 3579 d.
331 3541 440 3594 operam
454 3540 485 3593 p.
505 3524 548 3578 ed.
568 3524 635 3577 dare
653 3539 764 3591 operam
776 3529 890 3591 possent
908 3523 951 3577 ed.
970 3525 1043 3592 post.
1101 3528 1136 3576 14
1153 3523 1305 3576 aemerio—

283 3602 483 3651 eoromooemmt
500 3612 554 3650 om.
574 3594 618 3649 ed.
692 3599 725 3647 15
745 3595 839 3649 omnia
856 3592 882 3647 V
901 3594 944 3649 ed.
963 3595 1074 3648 omma?
1147 3598 1180 3645 1⁷
1198 3595 1305 3647 hoec—

285 3671 318 3720 19
338 3668 456 3722 Latmos
479 3667 559 3722 deest
581 3667 611 3720 in
629 3665 664 3732 V,
687 3666 737 3720 sed
760 3664 925 3735 explicatur.
999 3670 1031 3719 21
1051 3665 1243 3733 investiganda
1261 3663 1310 3717 ed.

284 3743 319 3792 23
346 3739 520 3807 requirebam
546 3737 572 3792 V
602 3737 768 3806 requirentes
800 3737 843 3792 ed.
924 3743 961 3792 24
987 3735 1101 3792 essetV
1136 3751 1196 3789 esse
1223 3739 1252 3785 et
1279 3731 1332 3783 ed.

285 3813 319 3932 {ff
333 3811 418 3932 espec
434 3808 461 3863 V
478 3811 549 3877 forte
567 3809 611 3865 ed.
667 3813 700 3864 m
720 3809 835 3868 ercam
850 3809 892 3868 V.
943 3815 983 3867 ‘re
998 3817 1082 3867 raro
1102 3806 1153 3862 eu.
1167 3806 1186 3873 r
1198 3792 1342 3855 amau

284 3897 296 3932 2
367 3922 373 3934 .
