3142 4375
653 512 837 569 ruuamos
851 512 904 568 vu
1243 515 1287 581 25

268 684 387 743 iuuenes
407 699 548 755 nouoque
568 682 720 741 subibant:
756 700 824 741 cum
847 682 922 741 baec
944 684 1048 761 ageret
1069 681 1200 758 Aeneas,
1226 683 1289 742 iam

268 772 363 851 legati
390 772 433 832 sic
460 772 649 832 confecerant
674 772 742 846 iter,
768 774 804 830 ut
830 770 966 831 viderent
991 770 1169 831 Latinorum
1195 772 1288 833 turris

268 865 300 922 et
321 861 479 920 domorum
503 863 591 921 tecta.
635 859 728 919 turris
754 859 895 919 ridemnt
920 860 1032 937 primo,
1059 880 1137 937 quae
1165 862 1288 921 altiores

268 952 403 1025 fuerunt,
427 969 495 1010 cum
517 969 588 1009 vero
616 948 771 1025 propiores
794 950 996 1025 efficerentur,
1018 949 1159 1009 viderunt
1177 953 1209 1010 et
1236 950 1288 1009 do·

237 1056 250 1097 s
268 1060 387 1100 morum
403 1042 491 1100 tecta.
523 1056 669 1114 muroque
687 1037 838 1114 subibant,
855 1040 912 1098 hoc
930 1041 977 1098 est
994 1039 1034 1097 ad
1050 1040 1152 1116 ipsum
1169 1059 1289 1098 murum

268 1130 331 1189 iam
354 1130 515 1205 coeperant
541 1129 706 1204 pervenire.
752 1126 931 1188 describitur
956 1127 1018 1187 iam
1044 1131 1181 1187 veterum
1206 1130 1288 1188 inco·

269 1221 368 1278 larum
390 1237 456 1278 mos
480 1216 674 1293 studiumque
695 1216 842 1276 bellandi:
868 1216 973 1277 multis
1000 1218 1080 1277 enim
1102 1218 1175 1277 locis
1198 1221 1289 1294 poeta

270 1308 404 1368 adseruit
434 1325 573 1382 asperam
604 1324 666 1365 esse
697 1305 785 1366 bellis
812 1305 935 1366 Italiam
962 1309 994 1366 et
1021 1306 1059 1366 ad
1087 1325 1172 1366 arma
1200 1306 1289 1366 facile

268 1399 492 1474 properantem,
506 1394 642 1472 denique,
656 1398 693 1455 ut
705 1416 801 1455 unum
819 1395 856 1455 de
873 1396 978 1455 multis
997 1396 1100 1456 demus
1121 1396 1290 1473 exemplum

224 1503 251 1541 ro
269 1482 315 1568 (4,
331 1478 425 1566 227),
449 1502 533 1559 „uon
554 1483 654 1560 illum,
681 1485 794 1561 inquit,
822 1485 907 1545 nobis
930 1485 1066 1563 genetrix
1088 1486 1289 1562 pulcherrima

269 1576 364 1634 talem
391 1572 530 1649 promisit
557 1571 742 1651 Graiumque
770 1573 839 1633 ideo
868 1573 915 1634 bis
943 1574 1079 1633 vindicat
1101 1576 1206 1649 mmis,
1238 1575 1290 1635 sod

271 1665 334 1722 fore
363 1662 415 1739 qui
443 1661 599 1740 gravidam
627 1662 762 1739 imperiis
790 1664 929 1740 belloque
961 1663 1135 1722 sternentem
1167 1664 1291 1723 Italiam

270 1750 417 1830 regeret“.
449 1751 559 1811 idcirco
576 1752 633 1811 hoc
650 1753 716 1812 loco
735 1752 854 1812 virilem
872 1753 1018 1812 Italorum
1038 1770 1140 1812 sexum
1160 1753 1292 1812 ostendit

271 1844 334 1900 iam
354 1840 423 1900 inde
443 1859 461 1899 a
479 1842 580 1918 pueris
604 1841 705 1901 stuffio
729 1843 856 1901 exerceri
874 1842 1007 1917 virtutis,
1026 1841 1153 1918 denique
1171 1843 1214 1902 sic
1233 1844 1290 1901 ait:

226 1948 252 1989 rc
271 1935 338 1989 outa
366 1931 468 1990 urbem
495 1932 585 2005 paeri
616 1935 643 1989 ct
671 1932 823 2005 primaeuo
854 1933 926 2002 flore
955 1933 1093 1989 inventas
1124 1936 1292 1991 caueantur

271 2021 351 2093 equus
374 2020 571 2093 mutumne
597 2020 631 2077 in
654 2020 776 2093 puluere
806 2038 920 2079 murus.
966 2020 1179 2079 exercebantur
1205 2020 1291 2097 equis

270 2112 324 2169 aut
347 2128 450 2168 eorum
473 2110 561 2168 dorso
584 2108 711 2183 inpositi
729 2111 782 2168 aut
799 2109 931 2169 habenas
954 2110 1116 2169 retinentes
1139 2109 1171 2169 iu
1194 2130 1291 2169 curru.

269 2202 301 2258 in
336 2200 461 2275 pulvere
501 2199 616 2276 inquit,
653 2200 726 2275 quia
759 2199 824 2259 illic
860 2199 965 2259 iuncta
1002 2200 1147 2259 animalia
1184 2202 1291 2260 melius

270 2290 430 2348 domantur
460 2288 514 2346 ubi
545 2287 698 2347 difficilior
725 2290 841 2348 tractus
874 2292 928 2349 est.
978 2293 1031 2348 aar
1062 2291 1141 2348 aab
1171 2291 1293 2349 tendunt

225 2395 358 2437 sources
381 2374 435 2437 out
457 2378 536 2436 teoto
558 2378 675 2436 toccula
697 2379 813 2450 spicato
836 2382 1033 2450 maturauerat:
1061 2379 1114 2436 alii
1135 2378 1291 2438 mittendis
1302 2388 1353 2436 165

272 2465 389 2543 sagittis
409 2485 532 2542 operam
550 2465 673 2540 dabant,
687 2466 741 2525 alii
758 2470 795 2525 ut
811 2466 935 2526 hastilia
952 2467 1106 2527 mitterent
1119 2469 1291 2528 meditando

272 2554 433 2616 discebant.
480 2572 625 2629 cursuque
646 2556 761 2628 nuque
784 2557 944 2615 lacessibat:
967 2557 1171 2633 provocabant
1189 2576 1220 2616 se
1239 2558 1292 2617 alii

272 2645 308 2700 ut
326 2661 414 2703 cursu
432 2645 644 2704 contenderent
658 2648 712 2704 aut
723 2644 796 2704 ictu.
829 2644 924 2704 ictum
937 2664 1095 2722 possumus
1108 2646 1291 2724 intellegere,

273 2750 333 2790 non
355 2735 391 2790 ut
411 2733 536 2793 ferirent
565 2734 759 2809 seinvicem,
783 2735 835 2793 sed
863 2738 899 2794 ut
921 2734 1072 2794 destinata
1093 2738 1292 2810 percuterent.

226 2836 254 2876 aa
272 2822 346 2878 haec
365 2822 466 2879 omnia
483 2824 681 2882 certaminum
699 2843 809 2901 genera
826 2823 937 2883 idcirco
954 2843 1014 2883 usu
1032 2827 1064 2883 et
1081 2824 1293 2885 exercitatione

274 2909 440 2984 discebant,
463 2914 499 2969 ut
521 2912 598 2972 veris
621 2912 708 2972 bellis
732 2916 762 2972 et
785 2932 873 2972 verae
896 2912 1084 2972 dimicationi
1104 2913 1292 2988 proficerent.

258 3017 381 3076 ¹pueros
414 2999 491 3058 dixit
522 3005 552 3060 et
581 3001 703 3061 iuvenes
734 3002 783 3061 his
816 3000 924 3062 studiis
956 3003 1048 3062 tuisse
1079 3003 1224 3078 intentos,
1257 3024 1292 3062 ex

274 3086 413 3147 omnibus
435 3088 529 3166 igitur
552 3109 629 3167 quae
655 3090 792 3165 iuvenes,
820 3109 897 3168 quae
924 3093 1010 3168 pueri
1037 3095 1180 3170 gererent.
1227 3110 1292 3151 cum

268 3181 443 3252 praeuectus
475 3194 545 3250 cono
573 3179 705 3254 longaeua
731 3181 809 3254 regis
837 3181 878 3239 ud
904 3182 989 3240 curis
1017 3182 1141 3240 nautius
1166 3183 1292 3256 inpectis

225 3286 255 3325 so
272 3268 372 3341 ignoto
399 3268 433 3324 iu
459 3271 536 3326 ueste
561 3273 690 3341 reportat
716 3269 871 3329 ademisse
899 3271 993 3328 uiros:
1026 3271 1087 3329 fuit
1113 3273 1230 3330 occasio
1257 3274 1293 3330 ut

274 3356 396 3416 axillis
419 3357 472 3433 qui
495 3355 580 3432 equis
604 3357 819 3418 exercebantur
844 3361 1021 3434 praevectus
1045 3378 1136 3435 equo,
1162 3361 1219 3419 hoc
1246 3363 1293 3419 est

274 3448 344 3504 aute
376 3447 495 3524 legatos
527 3446 566 3505 ad
597 3459 698 3524 regem
731 3451 848 3521 vectus,
882 3449 1037 3507 nuntiaret
1065 3450 1146 3508 viros
1175 3450 1292 3509 vennae

273 3535 406 3612 ingentis
429 3537 460 3594 et
481 3534 587 3613 ignota
609 3537 706 3610 veste,
730 3537 772 3611 ct,
797 3537 869 3613 quia
891 3536 1030 3596 turbatus
1048 3538 1205 3613 repentino
1224 3556 1291 3596 con·

273 3626 380 3700 spectu
406 3644 460 3701 pro
491 3625 639 3701 qualitate
669 3624 763 3684 animi
792 3625 839 3686 sui
868 3625 1030 3685 nuntiabat
1059 3645 1136 3702 quae
1165 3627 1297 3700 uiderat,

346 3829 499 3899 eimau
522 3831 661 3918 autea.
736 3837 770 3890 11
795 3834 890 3892 neem
912 3830 1165 3921 ...recussu
1242 3829 1285 3875 xe
1311 3819 1351 3867 aa

273 3916 325 3954 ⁰³²¹
343 3899 371 3954 V·
443 3906 480 3954 1⁷
495 3911 609 3972 'Wadi
628 3906 673 3964 cd.
752 3914 790 3967 29
808 3916 967 3984 movemus
986 3910 1035 3978 tat
1049 3904 1150 3973 intrat
1170 3899 1223 3953 ad.
