3142 4375
649 481 912 537 musmosvm
1228 486 1291 551 113

271 652 453 728 redduntur,
481 671 518 711 ne
545 652 735 729 peregrinus,
762 670 799 709 ne
823 650 936 728 optimo
960 650 1060 709 studio
1083 654 1239 728 susceptus
1262 655 1293 713 et

272 744 397 819 optatus
421 761 490 801 oum
520 742 602 800 omni
623 739 825 800 benivolentia
853 759 944 818 gener
965 743 997 797 in
1020 741 1117 800 socios
1138 742 1239 817 inpius
1262 747 1293 802 et

272 849 362 907 asper
383 830 416 889 in
439 832 519 891 cives
541 829 694 890 videretur
717 828 864 903 extitisse,
892 831 918 889 si
940 830 1054 905 primus
1083 848 1167 889 arma
1192 850 1293 908 sump

271 922 370 981 sisset.
408 919 567 979 accedebat
591 919 675 979 aliud
692 917 774 995 quod
795 918 893 996 magis
916 918 1020 978 laudes
1044 919 1107 978 eius
1130 921 1293 996 extolleret,

236 1026 251 1067 s
271 1013 308 1069 ut
329 1008 422 1069 Italia
446 1009 556 1084 omnis,
578 1011 626 1067 tot
644 1009 746 1082 duces,
768 1010 817 1067 tot
838 1008 957 1083 populi,
980 1010 1068 1067 tanta
1085 1011 1293 1070 universorum

271 1097 456 1174 conspiratio
479 1098 567 1157 rebus
585 1099 646 1156 suis
667 1115 734 1155 cum
755 1098 824 1173 ipsa
842 1096 1041 1157 subsidiorum
1060 1117 1116 1173 ope
1136 1098 1293 1175 diffideret,

271 1208 341 1247 cum
354 1188 546 1266 peregrinum
564 1186 755 1264 naufragum,
773 1205 885 1246 novum
904 1205 938 1245 ac
957 1187 1048 1246 nullis
1066 1187 1098 1245 in
1118 1207 1153 1247 ea
1171 1190 1292 1267 regione

271 1276 533 1336 familiaritatibus
561 1276 673 1335 fretum
700 1279 887 1335 contemnere
915 1277 1033 1335 armata
1054 1277 1220 1337 multitudo
1244 1278 1292 1337 de·

270 1366 397 1426 buisset.
434 1367 588 1442 saevitque
610 1365 749 1424 iuventus
773 1364 875 1423 effera:
899 1364 1050 1423 ferebatur
1072 1367 1214 1427 iuventus
1232 1387 1293 1427 non

224 1470 254 1512 ro
270 1456 390 1516 ratione
413 1454 529 1531 aliqua,
553 1453 605 1514 sed
627 1454 760 1514 naturali
783 1454 903 1512 feritate
922 1457 953 1512 et
970 1454 1081 1513 iniecta
1098 1475 1153 1531 per
1170 1457 1294 1515 Furiam

271 1542 383 1604 furoris
407 1545 545 1603 amentia.
578 1542 728 1619 [ductores
745 1540 858 1616 primi]
880 1543 1042 1615 Messapus
1065 1548 1092 1602 et
1116 1546 1209 1617 Ufens
1228 1564 1293 1604 eon-

271 1636 449 1706 temptorque
471 1634 557 1691 deum
579 1634 745 1691 Mezentius
767 1632 897 1703 undique
920 1636 1024 1705 sonunt
1048 1634 1177 1691 currilia:
1205 1635 1293 1693 duces

270 1720 440 1783 timidiores
463 1723 568 1781 ceteris
591 1721 739 1799 cogebant
761 1721 875 1779 auxilia
898 1722 1040 1797 undique.
1077 1722 1223 1799 cogebant
1245 1741 1293 1782 ac-

272 1812 443 1888 cipiendum
473 1814 518 1869 est
549 1830 610 1870 non
642 1810 877 1888 congregabant,
911 1811 963 1869 sed
993 1810 1106 1870 invitos
1137 1811 1293 1889 urgebant.

225 1915 253 1958 re
271 1899 401 1976 denique
420 1900 555 1975 sequitur
573 1904 600 1958 et
617 1900 690 1959 totos
708 1902 828 1957 uastant
845 1899 1003 1958 cultoribus
1021 1918 1119 1974 apros,
1143 1904 1179 1960 ut
1197 1904 1293 1961 osten·

271 1988 358 2049 deret
373 1992 463 2065 poeta
480 1992 567 2048 tanto
584 1989 652 2048 illos
667 1993 750 2047 metu
763 1989 856 2047 fuisse
871 2006 1037 2064 oppressos,
1051 1993 1087 2049 ut
1100 1990 1293 2050 solitudinem

271 2078 345 2139 latis
358 2078 525 2138 indicerent
539 2079 629 2155 agris,
647 2078 731 2136 nullo
747 2078 854 2136 saltem
866 2078 971 2138 relicto
990 2080 1121 2139 custode.
1150 2080 1182 2138 in
1201 2080 1293 2157 signi·

270 2167 411 2228 ficadone
434 2168 605 2228 latitudinis
625 2187 766 2246 agrorum
787 2167 960 2245 intellegere
983 2187 1143 2244 possumus
1162 2172 1292 2246 quantus

273 2258 426 2318 cultorum
462 2275 602 2316 numerus
638 2258 676 2316 ad
707 2257 819 2315 bellum
850 2256 989 2317 videatur
1021 2277 1084 2318 esse
1116 2262 1292 2336 pertractus.

228 2364 255 2405 ro
272 2347 429 2423 Messapus
458 2350 488 2405 et
515 2346 611 2405 Ufens
638 2349 885 2422 contemptorque
913 2348 1001 2406 deum
1029 2348 1206 2407 Mezentius:
1233 2367 1293 2408 non

272 2438 388 2496 metra
411 2434 599 2512 singulorum
621 2434 743 2494 nomina
766 2436 881 2511 posuit:
910 2435 1040 2494 ostendit
1068 2438 1146 2495 enim
1171 2443 1293 2513 excepto

272 2525 381 2584 timore
404 2524 500 2600 plebis
524 2526 616 2583 etiam
637 2524 669 2582 in
691 2524 766 2599 ipsis
790 2523 927 2597 ducibus,
950 2524 981 2582 in
1001 2525 1109 2600 quibus
1132 2527 1294 2602 praecipua

272 2614 369 2674 virtus
389 2614 535 2689 existeret,
554 2613 717 2672 maximum
735 2613 827 2673 fuisse
846 2616 997 2671 terrorem.
1030 2634 1101 2673 nam
1120 2616 1192 2690 quia
1210 2616 1293 2674 auri-

272 2702 324 2763 liis
342 2702 482 2781 cogendis
502 2722 624 2778 operam
638 2702 750 2760 dabant
766 2705 796 2760 et
814 2720 850 2760 ne
864 2703 944 2777 ipsos
960 2702 1081 2778 quidem
1093 2703 1216 2762 inermis
1230 2722 1293 2763 esse

228 2807 256 2850 se
273 2792 467 2870 patiebantur
485 2793 612 2851 cultores
632 2810 780 2868 agrorum,
799 2790 904 2866 procul
923 2791 1012 2850 dubio
1034 2793 1107 2868 quid
1125 2792 1293 2851 formidinis

274 2882 375 2942 animo
402 2883 539 2958 gererent
566 2879 786 2940 evidentissime
814 2879 1039 2955 profitebantur.
1082 2882 1162 2956 quod
1194 2883 1294 2940 autem

275 2970 368 3030 etiarn
397 2970 454 3029 hoo
483 2971 548 3028 loco
578 2971 812 3044 contemptorem
842 2968 946 3028 divum
975 2970 1154 3028 Mezentium
1183 2971 1294 3045 posuit,

274 3060 438 3120 maximum
452 3059 577 3117 Troiani
591 3058 675 3117 ducis
694 3058 812 3135 insigne
825 3059 857 3116 in
872 3077 906 3116 eo
922 3078 1040 3134 quoque
1057 3060 1155 3118 voluit
1173 3059 1293 3118 demon·

273 3150 382 3222 strare,
400 3152 437 3206 ut
455 3150 642 3222 contemptor
661 3148 764 3205 divum
782 3147 946 3206 Mezentius
964 3147 1128 3223 aliquando
1145 3149 1294 3209 inveniret

229 3252 256 3293 so
274 3257 365 3315 quem
377 3235 506 3295 timeret.
524 3237 647 3294 mittitur
661 3241 688 3294 et
700 3237 802 3310 magni
821 3237 951 3295 Venulus
964 3238 1118 3295 Diomedis
1132 3238 1172 3296 ud
1183 3239 1292 3307 urbem,

346 3448 415 3496 lne
433 3440 573 3510 optimoV
591 3457 626 3496 ne
644 3457 697 3494 om.
717 3440 760 3495 ed.
833 3443 951 3508 apriis
973 3441 1016 3496 ed.
1087 3442 1207 3497 6er
1225 3443 1294 3497 mote

274 3512 318 3569 ed.
337 3529 386 3581 epe
404 3529 463 3566 nos.
519 3517 535 3565 8
554 3513 713 3566 contendere
726 3511 752 3565 V
766 3511 809 3565 ed.
824 3519 990 3567 contemnere
1003 3513 1047 3567 ed.
1061 3515 1134 3581 post.
1191 3518 1224 3566 10
1242 3531 1294 3568 nu-

273 3585 362 3639 turati
378 3600 430 3638 om.
447 3583 490 3638 ed.
512 3582 516 3656 t
536 3582 679 3650 infuctuV
692 3584 794 3637 iniecta
808 3583 850 3636 ed.
865 3585 937 3652 post.
957 3584 991 3637 cf.
1009 3589 1033 3651 7,
1045 3590 1095 3638 341
1111 3602 1149 3638 an
1161 3587 1293 3653 inpacta?

275 3660 308 3709 11
323 3657 473 3710 amentiam
486 3654 512 3709 V
526 3654 569 3708 ed.
589 3670 657 3708 corr.
678 3654 720 3709 ed.
738 3656 811 3723 post.
842 3655 845 3725 t
875 3655 997 3709 ductores
1011 3657 1099 3724 primi
1118 3655 1197 3710 deest
1215 3656 1246 3709 in
1259 3655 1293 3722 V,

274 3726 325 3782 sed
351 3725 514 3794 explicatur.
589 3731 621 3779 17
647 3726 809 3781 inducerent
833 3725 876 3780 ed.
954 3731 987 3779 23
1011 3729 1079 3795 qnia
1098 3727 1125 3781 V
1148 3729 1196 3796 qui
1218 3727 1263 3782 ed.
1288 3729 1299 3797 t

274 3799 387 3852 nuntio
404 3796 570 3868 rependisti
589 3813 657 3850 corr.
677 3797 720 3851 ed.
794 3803 829 3851 26
852 3799 901 3868 qni
921 3798 1118 3867 suntet-mss
1144 3816 1228 3868 queem
1243 3798 1316 3865 §xcx

274 3868 449 3935 formidinem
468 3868 509 3923 ed.
584 3872 619 3922 30
637 3885 716 3939 quem
731 3868 757 3928 V
775 3887 848 3942 quoe
868 3871 914 3927 ed.

314 3971 373 4012 Don.
383 3972 478 4022 interpr.
491 3975 557 4025 Verg.
575 3977 665 4021 vot.11.
1156 3983 1178 4031 8
