3142 4375
312 429 356 493 92
594 425 735 481 DONATI
752 425 924 483 INTERPR.
938 425 1047 482 Vnus.

312 593 529 654 conveniebant
559 593 703 654 Latinum
739 596 770 653 et
804 595 995 654 vehementer
1030 594 1180 673 urgebant
1220 600 1338 674 aperire

311 686 414 760 portas
437 683 509 743 belli
532 685 562 743 et
584 683 646 743 illis
668 683 780 742 bellum
802 684 933 743 indicere
956 702 1031 760 quos
1058 683 1091 742 in
1114 684 1289 747 amicitiam
1310 691 1338 748 et

312 772 477 832 adfinitatis
505 772 681 850 religionem
709 775 827 833 secutus
855 772 979 833 deorum
1009 777 1040 832 et
1065 772 1162 849 patris
1188 793 1337 854 responsa

311 864 490 937 susceperat.
532 881 602 939 ergo
625 880 690 921 mos
713 862 773 921 fuit
794 865 830 921 ut
851 862 916 939 ipse
939 864 1042 939 portas
1066 863 1213 939 aperiret,
1238 865 1338 927 sedsi

311 951 507 1029 pugnandum
538 954 616 1010 esset
648 953 752 1011 contra
783 951 919 1011 inimicos
952 954 983 1010 et
1013 952 1103 1029 longe
1134 953 1273 1029 positos,
1303 957 1365 1015 utt

312 1058 403 1116 supra
431 1040 544 1099 dictum
573 1042 631 1115 est,
661 1060 729 1100 cum
756 1039 792 1098 de
818 1041 885 1116 ipso
913 1059 995 1099 more
1018 1040 1288 1122 disputaremest
1313 1044 1336 1105 si

311 1128 425 1187 bellum
443 1130 507 1207 geri
524 1129 661 1206 patribus
680 1128 852 1205 placuisset
885 1131 1017 1189 ceterum
1038 1130 1092 1189 isti
1108 1129 1217 1190 invitis
1238 1135 1335 1193 numi·

311 1218 411 1292 nibus,
435 1218 498 1277 sine
520 1221 655 1278 tractatu
673 1219 821 1278 maiorum
839 1220 869 1277 et
886 1219 1007 1278 firmata
1024 1238 1097 1296 pace
1118 1221 1239 1281 socium
1257 1223 1335 1284 vole

312 1307 385 1365 bant
402 1307 467 1366 fieri
485 1306 628 1367 Latinum
646 1307 770 1368 admissi
789 1308 948 1385 sacrilegii.
978 1309 1121 1367 abstinuit
1137 1312 1219 1369 tuctu
1233 1316 1336 1385 pater:

311 1396 383 1455 licet
404 1397 452 1455 illi
477 1396 577 1457 furore
604 1397 735 1473 possessi
763 1397 943 1474 praecipites
971 1397 1085 1457 fuerint
1108 1396 1141 1456 in
1168 1402 1363 1474 pemicienu

312 1504 398 1546 suam
416 1488 447 1545 et
465 1486 590 1547 adversa
608 1488 764 1564 cuperent,
783 1485 911 1545 Latinus
930 1488 1044 1561 tamen,
1064 1488 1118 1563 qui
1136 1491 1216 1549 esset
1234 1491 1336 1567 publi·

311 1593 363 1635 cus
387 1578 485 1651 pater,
514 1575 595 1652 upud
622 1595 712 1652 quem
738 1575 846 1653 religio
873 1577 976 1653 generi
1002 1576 1061 1634 fnit
1088 1578 1119 1635 et
1143 1580 1336 1639 commodum

311 1664 402 1740 filiae,
443 1666 565 1725 nolebat
601 1665 735 1724 funestas
777 1664 856 1723 fores
897 1665 1108 1742 luctuosasque
1150 1666 1335 1747 contingere.

311 1771 488 1827 aversusque
516 1754 625 1828 rcfcpit
653 1754 741 1826 foedo
769 1754 935 1812 ministerio
964 1758 991 1812 ct
1019 1754 1112 1813 coecos
1140 1771 1171 1813 se
1204 1758 1336 1818 condidit

310 1845 438 1902 mebris:
467 1844 570 1902 nolens
602 1860 633 1902 se
665 1843 770 1901 officiis
798 1842 936 1903 tristibus
963 1843 1114 1902 maculare
1138 1842 1279 1907 discessit
1306 1848 1365 1906 inl

311 1932 469 1991 tenebrosa
495 1932 562 1991 locu
590 1949 712 1991 aversus
736 1950 754 1990 a
777 1934 939 2008 conspectu
966 1932 1178 2010 gerendorum,
1207 1954 1246 1994 ne
1276 1954 1335 1996 cer·

312 2022 433 2079 neretur
456 2020 494 2078 ab
518 2020 622 2096 aliquo
646 2023 699 2080 sut
715 2020 780 2097 ipse
798 2022 914 2081 videret
931 2022 1050 2080 inlicita
1068 2020 1134 2098 geri
1151 2024 1182 2081 et
1200 2042 1239 2081 ea
1258 2043 1336 2101 qnae

250 2109 423 2168 620iudioio
445 2108 587 2188 religioso
611 2108 814 2169 damnaverat.
860 2114 922 2169 tum
943 2112 1046 2184 rupino
1069 2112 1155 2169 deum
1182 2113 1264 2172 curlo
1289 2115 1336 2174 dc

313 2199 399 2271 lapso
425 2200 569 2258 morantis
594 2200 703 2273 inpulit
728 2202 797 2273 ipsu
818 2218 911 2259 manu
929 2204 1035 2273 portas
1058 2205 1084 2259 et
1106 2201 1229 2261 cordine
1251 2221 1336 2265 verso

313 2288 379 2346 belli
401 2288 527 2360 ferratos
548 2290 659 2362 rumpit
679 2289 825 2349 Saturnio
842 2294 956 2362 postes:
978 2288 1050 2349 fecit
1072 2289 1148 2349 Iuno
1174 2292 1257 2366 quod
1274 2312 1336 2353 non
1351 2303 1371 2344 Ι

312 2376 507 2436 conveniebat
539 2377 625 2452 deae,
656 2381 692 2437 ut
722 2378 835 2438 relictis
868 2378 942 2437 caeli
974 2378 1111 2454 partibus
1143 2381 1265 2441 veniret
1298 2381 1337 2443 ad

312 2469 405 2525 terres
429 2469 460 2526 et
481 2465 626 2542 panderet
648 2468 808 2527 sceleribus
827 2467 909 2526 viam
927 2470 1017 2544 atque
1035 2468 1067 2526 in
1085 2468 1163 2527 bello
1182 2469 1336 2544 perituros

311 2557 439 2631 urgeret.
485 2555 557 2614 fecit
578 2558 679 2615 tamen
701 2560 737 2616 ut
758 2559 844 2616 vetus
868 2560 899 2616 et
921 2558 1059 2632 pertinax
1086 2558 1224 2633 inimioa3
1255 2579 1336 2620 vere·

311 2643 402 2703 batur
429 2643 508 2703 enim
535 2664 572 2703 ne
598 2665 683 2705 mora
712 2646 989 2722 patefaciendamm
1017 2649 1173 2722 portarum
1200 2647 1337 2710 furorem

311 2736 436 2809 paratae
468 2734 632 2794 iuventutis
664 2739 719 2795 aut
748 2753 955 2794 consenescere
985 2736 1097 2794 faceret
1126 2738 1181 2795 sut
1212 2738 1336 2812 penitus
1352 2746 1373 2789 ’ὅ

311 2823 466 2883 removeri.
512 2823 629 2883 animus
648 2825 760 2901 quippe
781 2823 866 2902 vulgi
888 2829 924 2882 ut
946 2823 1109 2899 repentinis
1132 2824 1268 2888 motibus
1288 2847 1337 2887 ex·

312 2913 437 2988 citatum,
456 2913 501 2971 ita
519 2914 636 2971 mature
654 2912 824 2990 languescit
842 2914 872 2971 et
890 2912 1106 2973 interveniente
1124 2916 1245 2989 torpore
1266 2935 1335 2977 oon·

312 3002 450 3060 sumitur.
487 3019 557 3078 ergo
581 3001 662 3077 quod
683 3001 793 3062 Latino
813 3001 967 3077 displicuit
985 3006 1016 3061 et
1033 2996 1146 3081 refugit
1164 3022 1202 3062 ne
1221 3004 1336 3065 faceret

312 3091 385 3149 fecit
407 3090 463 3147 dea
486 3092 517 3149 et
538 3110 631 3150 manu
653 3109 709 3150 sua
731 3091 843 3166 inpulit
865 3095 967 3167 portas
992 3091 1101 3167 quibus
1124 3091 1216 3151 fiebat
1237 3113 1335 3155 mora.

313 3181 348 3236 ut
371 3181 472 3237 autem
494 3179 582 3240 huius
606 3181 766 3240 saevientis
791 3180 926 3239 ardorem
950 3179 1116 3240 evidentius
1140 3182 1231 3257 poeta
1248 3202 1335 3244 mon·
1352 3194 1375 3236 ω

314 3269 432 3343 sineret,
450 3287 510 3327 non
528 3269 625 3327 solum
643 3269 720 3327 hanc
734 3267 811 3328 dixit
824 3272 927 3345 portas
942 3271 1102 3345 aperuisse,
1120 3269 1172 3329 sed
1191 3271 1335 3333 evertisse

313 3359 413 3432 postes
436 3358 517 3432 ipsos
537 3377 555 3417 a
574 3357 707 3432 cardine,
730 3359 786 3417 hoc
810 3360 855 3417 est
878 3358 915 3417 ab
939 3379 973 3418 eo
995 3359 1059 3418 loco
1077 3358 1110 3417 in
1129 3379 1188 3435 quo
1207 3362 1335 3422 nexibus

312 3445 427 3506 idoneis
445 3447 638 3522 tenebantur,
659 3447 746 3524 quasi
765 3447 884 3506 demum
901 3447 1076 3524 patentibus
1094 3448 1189 3524 portis
1209 3450 1337 3526 aliquod

386 3605 401 3652 3
420 3600 585 3667 affluitatem
603 3599 744 3669 redipioscis
761 3597 847 3654 HOU
862 3599 906 3654 ed.
966 3605 982 3653 8
1001 3606 1092 3655 tractu
1105 3598 1131 3652 V
1148 3607 1271 3657 trucwtu
1289 3604 1335 3659 cd.

315 3671 485 3726 Matinum
504 3688 557 3725 om.
573 3671 617 3726 ed.
674 3677 705 3723 11
725 3673 851 3739 oupircut
865 3671 897 3725 V.
954 3677 988 3724 12
1005 3688 1100 3741 ponere
1113 3671 1147 3726 V.
1204 3678 1238 3727 14
1256 3691 1336 3730 arer-

313 3757 409 3809 susquc
430 3741 464 3797 V.
536 3749 570 3797 16
593 3748 748 3812 penitorum
770 3742 795 3795 V
818 3759 977 3813 peccorum
1003 3743 1046 3797 ed.
1071 3743 1251 3813 pereudoeum
1273 3762 1335 3803 nos.

317 3817 349 3865 18
367 3815 476 3882 pomino
493 3831 544 3882 pro
563 3816 659 3884 rspice
675 3812 708 3867 V.
783 3819 817 3867 20
835 3816 913 3883 rupit
931 3814 974 3869 ed.
