3142 4375
544 566 546 569 ,
646 513 831 569 assumes
848 512 888 568 x1
1210 520 1275 585 427

259 687 361 746 nostro
385 703 457 745 saxa
480 684 542 744 iam
564 683 695 744 Troiana
717 681 914 744 libentissime
936 684 1121 761 perferamus
1143 704 1198 744 nec
1220 685 1279 745 erit

260 794 417 835 onerosum
434 773 520 834 nobis
540 772 684 849 quiequid
702 773 851 832 censueris
870 791 933 833 esse
953 772 1130 833 faciendum
1163 774 1279 835 diduci

258 866 341 934 hoco,
364 864 453 938 talia,
476 862 587 940 inquit,
610 862 726 921 dixerat
747 861 894 937 Drances,
919 880 1034 936 unoque
1047 880 1154 949 ,comm
1177 864 1278 923 eodem

259 971 308 1012 ore
329 953 508 1026 fremebant:
537 952 641 1011 eadem
668 970 744 1028 quae
773 950 871 1011 verbis
899 952 962 1011 suis
990 952 1151 1028 conplexus
1178 952 1278 1013 fuerat

228 1060 239 1101 s
258 1043 391 1102 Drances
406 1042 493 1119 quasi
511 1060 572 1100 uno
591 1060 642 1100 ore
661 1058 762 1100 omnes
776 1039 995 1116 profitebantur
1012 1060 1043 1101 se
1057 1060 1121 1102 esse
1134 1042 1277 1102 facturos.

259 1133 304 1192 bia
321 1149 407 1191 serios
425 1131 561 1204 pepiperc
579 1131 642 1189 dies
664 1134 690 1189 ei
707 1146 782 1203 poce
805 1133 969 1203 semusto:
996 1130 1042 1190 ita
1063 1131 1192 1207 peractis
1216 1151 1277 1191 om-

257 1222 345 1282 nibus
368 1221 566 1293 recesserunt,
589 1222 624 1278 ut
641 1237 695 1295 per
715 1218 872 1279 duodecim
890 1218 953 1279 dies
975 1218 1213 1296 sepeliendorum
1230 1222 1276 1280 fu-

258 1330 363 1370 nerum
388 1328 478 1370 eausa
505 1327 565 1385 pax
588 1312 744 1384 sequestre
765 1310 927 1368 teneretur.
972 1312 1128 1385 sequestra
1150 1328 1210 1386 pax
1232 1313 1278 1369 est

259 1420 336 1476 quae
360 1400 403 1458 sio
425 1396 635 1473 interponitur,
653 1399 766 1457 utnon
785 1396 934 1473 terminet,
954 1399 1007 1457 sed
1025 1398 1143 1457 differat
1156 1398 1276 1458 bellum.
1295 1410 1298 1416 '

214 1513 240 1552 ro
255 1507 310 1563 per
336 1489 428 1547 siloas
456 1488 563 1546 Teucri
587 1488 727 1559 mixtique
752 1488 865 1560 inpane
890 1487 997 1547 Latini
1025 1504 1159 1547 orreum
1185 1489 1278 1562 iupis:
1288 1502 1339 1551 136

258 1580 377 1637 tantum
400 1577 498 1638 valuit
518 1576 714 1653 interpositae
732 1577 880 1653 pactionis
899 1576 985 1651 fides,
1007 1578 1043 1635 ut
1065 1576 1198 1653 partium
1220 1577 1278 1637 viri

257 1687 312 1743 per
341 1666 433 1725 silvas
461 1666 659 1726 miscerentur
684 1666 804 1742 inpune.
849 1667 928 1739 ferro
955 1669 1042 1725 sonci
1068 1666 1130 1725 ulto
1159 1667 1278 1739 bipenni

257 1756 412 1828 fraxinus:
435 1756 498 1815 alta
520 1754 655 1814 fraxinus
676 1756 739 1815 icta
761 1754 854 1829 ferro,
876 1755 933 1814 hoc
954 1756 1000 1814 est
1016 1755 1081 1814 ictu
1098 1756 1193 1815 ferreo
1211 1774 1277 1830 per-

258 1862 357 1918 cussa,
384 1845 551 1905 resonabat.
598 1848 728 1903 merium
754 1848 850 1903 ocios.
866 1844 907 1902 ad
932 1844 1033 1914 aidm
1054 1844 1163 1917 mous:
1194 1846 1277 1904 actas

214 1954 240 1995 rs
259 1932 297 1992 ad
316 1931 414 1993 sidera
433 1934 490 1994 hoc
508 1935 554 1993 est
571 1935 604 1993 iu
617 1936 735 1993 tantam
749 1931 941 1992 altitudinem
954 1935 1116 2009 porrectas,
1130 1935 1166 1992 ut
1179 1931 1278 1993 sidera

258 2023 378 2100 pulsare
399 2024 576 2100 potuissent.
607 2022 641 2081 hi
663 2041 764 2083 omues
788 2022 955 2082 evertendis
978 2021 1132 2082 arboribus
1155 2042 1278 2099 operam

259 2113 379 2171 dabant.
415 2112 522 2171 roboro
544 2128 597 2170 uec
619 2112 719 2171 amois
741 2115 768 2170 et
789 2112 910 2170 olcubm
931 2111 1063 2170 caudae
1086 2112 1204 2171 codrior
1225 2130 1278 2171 nec

254 2204 400 2276 plaustris
423 2206 538 2261 cassani
558 2205 671 2261 vedare
691 2202 871 2275 pausantibus
893 2219 994 2260 ornos:
1023 2200 1078 2260 alii
1098 2201 1278 2261 insistebant

258 2291 413 2351 roboribus
437 2289 619 2364 scindendis,
643 2291 697 2350 alii
716 2289 882 2367 portandis.
914 2290 1072 2350 ordinatur
1094 2309 1198 2351 sensus
1221 2292 1277 2350 sic:

214 2401 240 2441 uo
258 2400 312 2439 nec
330 2383 448 2440 cessant
465 2380 574 2440 robora
591 2379 640 2440 vel
658 2379 778 2438 cedrum
796 2383 850 2439 aut
868 2398 956 2439 ornos
974 2379 1117 2456 plaustris
1134 2379 1276 2457 inponere

259 2488 293 2529 ac
316 2469 477 2528 transferre
506 2471 560 2529 aut
586 2469 688 2528 cuneis
716 2469 856 2549 scindere.
902 2469 954 2528 sed
980 2488 1041 2528 non
1069 2488 1170 2529 omnes
1197 2469 1276 2528 idem

258 2556 423 2634 faciebant,
446 2578 516 2618 nam
539 2558 704 2619 diviserant
727 2576 826 2635 opera.

329 2647 449 2706 Etiam
466 2648 552 2720 famo
569 2648 655 2717 moli,
675 2649 750 2707 ionii
762 2648 947 2720 procursatio
970 2647 1076 2716 iudas,
1094 2647 1277 2706 Mandrum
1287 2658 1339 2706 140

258 2736 454 2808 munirique
481 2737 581 2795 dom
608 2741 635 2796 ei
659 2737 776 2796 moenio
803 2737 905 2810 rapiet,
934 2753 1009 2808 quoe
1034 2736 1119 2794 modo
1141 2737 1276 2795 imbrem

214 2843 240 2884 aa
258 2826 348 2884 Latio
368 2825 510 2885 Poliouio
526 2826 653 2898 ferebat:
673 2844 741 2885 cum
755 2825 879 2885 Troiani
892 2827 923 2884 et
936 2824 1039 2884 Latini
1052 2825 1126 2884 haec
1144 2826 1276 2902 agerent,

258 2915 319 2973 iam
341 2917 468 2973 mortem
487 2914 636 2974 Pallantis
659 2915 698 2974 ad
720 2914 897 2974 Euandrum
919 2915 1010 2989 atque
1032 2913 1096 2974 eius
1120 2914 1222 2973 domos
1246 2916 1277 2974 et

258 3007 355 3064 totam
372 3004 476 3063 urbem
494 3004 576 3063 fama
594 3002 777 3080 nuntiusque
795 3006 970 3080 perrexerat
989 3004 1119 3063 occisum
1138 3003 1276 3062 adserens

257 3094 437 3169 Padlantem,
457 3113 546 3171 quem
564 3093 652 3153 modo
672 3092 752 3167 apud
770 3092 893 3152 Latium
910 3091 1027 3152 ferebat
1044 3110 1106 3153 esse
1124 3093 1276 3152 victorem.

259 3204 349 3260 quam
382 3185 483 3262 gravis
516 3183 616 3242 fuerat
647 3182 745 3241 luctus
778 3183 919 3258 acceptus
951 3181 987 3240 de
1019 3200 1054 3240 eo
1087 3182 1171 3240 cuius
1208 3185 1276 3241 ante

214 3290 240 3330 so
258 3276 442 3332 momentum
471 3270 615 3332 victoriae
644 3270 864 3330 nuntiabantur
893 3272 923 3330 et
952 3271 1079 3348 gloriae!
1125 3270 1277 3348 egregiam

258 3363 462 3421 moralitatem
488 3360 545 3419 hoc
572 3360 638 3419 loco
661 3362 810 3419 servatam
833 3359 973 3420 debemus
997 3359 1165 3436 advertere,
1193 3379 1275 3418 nam-

330 3553 344 3601 1
360 3550 534 3617 perferamus
547 3547 573 3602 V
587 3546 712 3616 corrupit
725 3547 779 3602 edI
797 3549 865 3600 mut.
881 3547 951 3602 edF.
1006 3553 1021 3600 2
1037 3565 1092 3603 ease
1106 3565 1159 3602 om.
1170 3546 1220 3602 ΗΟ
1232 3547 1275 3602 ed.

259 3619 491 3674 teodemomnes
509 3619 553 3674 ed.
608 3618 764 3674 tsiVed.
783 3621 824 3674 sic
841 3635 900 3673 nos.
922 3618 925 3691 i
945 3624 978 3674 ut
995 3635 1049 3673 om.
1064 3619 1108 3674 ed.
1159 3625 1196 3671 u
1211 3636 1296 3694 puc-=

257 3689 366 3745 iiumV
384 3691 556 3746 diuersarum
570 3707 599 3760 p.
620 3690 662 3744 ed.
723 3694 757 3745 20
775 3689 955 3747 accesserat
975 3690 1114 3745 carrada
1167 3691 1212 3737 ‘bb
1228 3683 1307 3734 ταὼ

256 3762 332 3827 (stem
351 3762 390 3816 ϋᾶ
408 3768 449 3828 12,
466 3765 530 3832 607)
546 3762 572 3817 V
588 3764 688 3821 octaua
707 3763 754 3821 ed.
769 3766 801 3822 et
811 3762 1004 3837 Vergdibir.
1071 3765 1119 3814 ‘aa
1134 3752 1260 3816 ambibi
1276 3743 1330 3793 aa.

244 3835 282 3880 27
304 3833 422 3887 oratam
447 3833 474 3888 V
494 3851 518 3891 o.
541 3853 601 3894 esse
626 3838 673 3896 ed.
754 3845 791 3897 28
821 3857 909 3913 quera
932 3829 1097 3894 modum*
1130 3842 1163 3893 (t-
1178 3815 1268 3875 ΝΜ
1289 3817 1354 3856 ⁹³³*

230 3901 401 3965 quassam,
420 3905 464 3961 ed.
544 3914 583 3965 29
604 3914 788 3988 acceptans
812 3911 1021 3987 accipiendus
1038 3903 1094 3961 ab·
