3142 4375
269 494 314 558 24
554 490 695 545 ΒΟΝΑΤΙ
713 490 882 546 INTERPR.
897 492 1005 547 VERG.

268 660 399 735 primum
435 678 486 718 rex
520 658 636 719 advena
671 678 771 738 regem
804 660 865 721 loci
895 660 1023 721 credidit
1053 659 1292 738 adgrediendum

268 767 366 824 neque
394 768 461 806 eum
492 749 525 807 in
553 748 723 826 superbiam
750 750 837 808 duxit
863 768 1014 810 successus
1046 750 1098 809 ille
1131 749 1185 827 qui
1216 750 1291 810 fatis

269 837 502 915 suffragantibus
526 837 698 897 debebatur.
739 838 824 898 misit
845 839 962 917 legatos
982 842 1102 898 centurn
1122 839 1291 915 placituros

269 929 300 985 et
335 928 455 986 nomine
490 926 651 1005 legationis
689 931 720 987 et
755 947 879 986 numero
915 930 1084 1005 legatorum
1120 930 1151 987 et
1190 929 1291 1005 magis

270 1016 411 1092 obsequia
452 1035 507 1076 sua
548 1016 757 1076 commendans
795 1017 957 1076 ambitione
992 1017 1165 1077 multorum.
1216 1017 1291 1078 talis
1323 1032 1337 1073 s

270 1108 372 1164 autem
396 1106 508 1183 delegit
531 1108 613 1165 omui
636 1105 753 1179 ordine,
777 1106 834 1165 hoc
862 1110 908 1166 est
931 1126 966 1166 ex
989 1108 1072 1167 omni
1093 1105 1292 1166 multitudine

268 1215 322 1269 per
359 1195 533 1254 electionem
571 1199 738 1271 separatoS,
776 1196 830 1272 qui
866 1195 1026 1273 legationis
1062 1195 1157 1271 ipsius
1192 1197 1291 1271 partis

269 1302 399 1361 congrue
427 1284 563 1360 conplere
591 1285 768 1360 potuissent.
811 1288 1024 1344 coronarentur
1054 1288 1155 1344 autem
1187 1303 1292 1345 omnes

270 1373 343 1432 oleis
373 1374 465 1433 ramis
498 1376 529 1431 et
560 1372 627 1433 visu
659 1375 759 1450 potius
793 1391 886 1449 quam
917 1374 1015 1434 verbis
1047 1392 1150 1451 pacem
1184 1376 1294 1451 procul

208 1476 259 1525 155
269 1461 439 1520 videntibus
457 1461 641 1523 nuntiarent.
678 1464 813 1535 deusque
829 1464 908 1536 ferre
925 1464 1006 1522 uiro:
1027 1482 1065 1522 ne
1083 1462 1147 1523 sine
1168 1483 1292 1522 munere
1313 1479 1340 1518 ro

269 1552 347 1609 esset
369 1550 528 1629 legationis
552 1551 691 1611 officium.
732 1569 894 1624 puceurpue
921 1569 1072 1625 exposcere
1096 1553 1231 1611 Teucria
1259 1556 1294 1612 et

269 1640 380 1699 oblatis
403 1640 574 1700 muneribus
598 1658 702 1717 pacem
726 1640 849 1700 Teucris
872 1643 1070 1701 necessariam
1092 1642 1293 1717 postularent,

269 1748 306 1787 ne
325 1730 393 1805 quis
412 1748 461 1789 eos
479 1732 602 1806 putaret
620 1732 735 1789 venisse
755 1731 910 1789 violenter.
947 1731 1020 1789 baut
1036 1749 1128 1799 mora,
1147 1731 1294 1803 festinaret

268 1820 358 1877 iussi:
399 1818 442 1878 sio
473 1820 505 1877 in
543 1820 696 1878 celeritate
736 1820 981 1895 explicandorum
1016 1820 1227 1879 mandatorum
1260 1823 1293 1879 et

269 1907 397 1967 iubentis
418 1909 581 1967 auctoritas
600 1911 631 1966 et
649 1908 830 1985 obsequendi
848 1909 982 1967 studium
1000 1909 1193 1985 probabatur,
1208 1910 1292 1984 quod
1314 1930 1340 1971 rs

269 2016 329 2055 non
362 1998 461 2056 solum
491 1997 703 2057 ostendebatur
732 2000 764 2057 in
794 1999 875 2057 facto
904 2018 1010 2058 verum
1040 1998 1132 2057 etiam
1160 1998 1193 2056 in
1221 1998 1291 2073 ipsa

269 2087 480 2162 properatione
509 2086 729 2145 cumulabatur.
775 2088 947 2159 rapidisque
975 2088 1113 2159 feremur
1131 2088 1291 2160 passibus:

268 2194 329 2234 non
366 2177 485 2235 tanturn
517 2175 617 2236 studio
655 2176 813 2253 conplendi
850 2176 984 2254 adgressi
1021 2179 1092 2237 sunt
1127 2175 1291 2254 peragendi

269 2283 386 2338 munus,
405 2266 457 2324 sed
470 2267 528 2324 iter
542 2286 661 2344 quoque
675 2267 775 2344 ipsum
793 2267 943 2325 festinatis
958 2266 1108 2343 gressibus
1123 2265 1288 2345 agitabant.

270 2355 406 2413 festinati
425 2374 544 2432 gressus
564 2356 687 2415 fuerunt
704 2357 787 2430 ideo,
805 2358 841 2414 ut
859 2358 965 2431 optata
982 2357 1130 2415 maturius
1153 2353 1288 2432 proveni·
1311 2375 1342 2416 so

269 2447 344 2502 rent.
394 2445 456 2516 ipse
485 2445 590 2504 humili
626 2446 761 2520 desiperet
790 2446 907 2502 moenia
942 2444 1040 2516 fosso:
1074 2445 1147 2504 haec
1180 2442 1289 2522 legatis

270 2532 428 2610 agentibus
456 2553 516 2593 non
546 2536 668 2610 putavit
694 2534 795 2593 Aneas
823 2531 986 2591 differenda
1018 2552 1142 2609 operum
1174 2537 1292 2609 coepta,

270 2622 363 2680 donee
394 2642 570 2699 responsum
607 2623 732 2682 referret
767 2624 860 2681 missa
887 2623 1008 2699 legatio.
1055 2623 1177 2700 gerebat
1211 2622 1293 2681 enim

269 2711 402 2770 fatorum
428 2712 581 2787 fiduciam,
610 2731 686 2788 quae
714 2712 762 2770 illi
789 2710 926 2787 ipsarum
951 2715 1100 2770 terrarum
1123 2712 1292 2771 dominium

270 2799 420 2860 dederant.
466 2803 530 2878 ipse
565 2801 673 2859 humili
708 2800 849 2876 designat
883 2802 1003 2859 moenia
1034 2801 1127 2873 fossa,
1157 2802 1214 2860 boc
1244 2804 1293 2860 est
1313 2821 1341 2862 as

269 2909 329 2947 non
358 2910 486 2968 magnae
517 2889 688 2949 altitudinis
717 2889 820 2948 futura
847 2890 966 2948 moenia
992 2889 1171 2966 designabat
1196 2908 1293 2950 manu

269 2997 339 3052 sua3
367 2979 423 3039 boc
446 2981 525 3038 enim
548 2980 597 3037 vel
620 2981 693 3036 vota
716 2977 869 3036 condentis
893 2979 941 3037 vel
964 2978 1099 3054 auspicia
1122 2979 1293 3057 exigebant.

269 3068 449 3141 Moliturque
477 3069 583 3135 locum,
612 3068 670 3126 hoo
697 3069 743 3124 est
770 3066 916 3141 disponit,
942 3068 1116 3140 primusque
1147 3070 1180 3127 iu
1208 3069 1293 3129 litore

269 3157 350 3215 sedes
374 3161 536 3215 castrorum
558 3157 592 3213 r'u
614 3172 723 3212 rnorem
751 3156 854 3226 piuuis
882 3161 967 3228 utque
994 3173 1097 3231 uppere
1124 3158 1225 3231 oiuptt:
1257 3160 1292 3217 in

269 3246 412 3321 auspiciis
438 3243 716 3303 constituendorum
738 3243 890 3303 moenium
912 3245 973 3304 tale
993 3264 1085 3323 genus
1105 3245 1202 3322 operis
1221 3265 1292 3306 con·
1312 3266 1342 3306 so

208 3345 259 3395 160
269 3335 382 3392 locavit
395 3333 477 3409 quod
493 3332 695 3392 defensionem
713 3332 874 3410 sponderet
891 3333 1095 3394 conditoribus
1114 3334 1183 3394 suis.
1215 3335 1292 3395 ium·

269 3440 323 3496 pue
346 3424 401 3481 tter
424 3423 532 3480 erueusr'
555 3423 646 3482 turris
669 3441 705 3482 uc
723 3425 796 3482 tectu
814 3422 992 3482 Latinorum
1015 3424 1114 3482 arduo
1136 3424 1294 3483 cauebant

343 3599 357 3645 1
385 3609 446 3662 repe
472 3594 504 3645 iu
526 3591 552 3644 V
578 3608 667 3661 regem
694 3593 737 3646 ed.
821 3597 836 3644 6
864 3593 960 3648 ordiue
982 3593 1008 3645 V
1037 3594 1214 3648 multitudiue
1246 3595 1292 3650 ed.

270 3668 286 3717 8
305 3664 509 3718 cororeoboutur
526 3663 569 3717 ed.
643 3667 659 3715 9
678 3665 744 3718 oleis
762 3661 927 3719 Volcarum
946 3665 990 3720 ed.
1018 3664 1022 3736 l
1050 3671 1076 3719 et
1093 3666 1155 3720 uisu
1173 3663 1198 3716 V
1215 3672 1247 3720 ut
1264 3684 1291 3722 o.

270 3734 313 3788 ed.
366 3740 399 3788 14
416 3733 481 3789 siV
499 3734 595 3789 stood.
648 3739 681 3787 19
699 3734 877 3802 festinatisV
894 3737 1057 3803 festinanter
1070 3736 1113 3790 ed.
1163 3741 1197 3789 20
1214 3737 1292 3803 festi-

269 3807 331 3862 uatr‘
348 3806 374 3858 V
399 3808 496 3861 celeres
519 3804 563 3859 ed.
595 3806 597 3875 l
631 3811 754 3874 optatam
776 3805 811 3860 V.
888 3813 922 3860 24
944 3807 1082 3874 foetorum
1101 3807 1126 3862 V
1144 3806 1197 3862 edl
1218 3809 1293 3875 fato·

262 3895 327 3930 rum
345 3877 416 3930 eur.
491 3882 528 3930 32
546 3877 634 3932 meare
649 3893 702 3946 pro
721 3879 823 3933 emersi
838 3875 874 3933 V.
