3142 4375
661 433 845 490 66661606
863 434 902 488 lx
1225 437 1292 503 273

267 603 509 684 intellegendum
537 607 584 665 eet
611 602 645 663 in
673 604 837 681 praesenti3
868 603 967 663 multa
996 601 1076 662 enim
1108 603 1205 662 adbuc
1233 602 1293 663 dici

268 696 447 774 potuerant,
473 692 527 755 sed
547 695 581 753 in
603 711 726 770 corpore
752 692 876 753 mortali
899 692 988 752 deum
1010 691 1123 752 diutius
1146 711 1209 752 esse
1231 712 1292 753 non

270 785 389 860 decuit,
414 783 540 862 proinde
563 782 690 842 ulterius
712 781 809 842 videri
830 782 930 842 noluit
952 783 983 840 et
1006 781 1158 841 abscessit.
1203 799 1292 857 agno·

268 889 338 934 aere
359 873 448 932 deun
464 888 601 946 proceres
623 871 781 944 diuinaque
803 872 861 930 tela
878 871 1078 931 Dardanidae
1094 869 1355 946 [6666666666

239 978 327 1038 agne
347 962 425 1037 supa
445 978 561 1021 6666666
583 959 766 1036 conamenl:
793 959 999 1034 Dardanidae,
1021 960 1134 1036 inquit,
1156 979 1292 1037 proceres

270 1051 436 1130 prudentes
462 1053 494 1111 et
519 1049 613 1110 sobrii
640 1050 826 1127 agnoverunt
853 1049 941 1109 deum
967 1051 1103 1109 locutum
1130 1068 1206 1124 esse,
1232 1069 1293 1110 non

269 1139 438 1215 bominem,
455 1144 487 1201 et
503 1139 573 1198 inde
594 1139 691 1217 magis
715 1139 797 1215 quod
820 1157 904 1198 arma
922 1140 986 1199 eius
1004 1138 1107 1198 divina
1123 1139 1293 1200 sensissent.

271 1245 339 1305 erpo
367 1229 490 1288 6666666
512 1245 632 1303 magnae
654 1226 756 1304 [dalis
781 1245 818 1287 ac
839 1230 960 1287 nurnine
981 1227 1107 1304 Phoebi]
1128 1226 1294 1288 Ascanium

265 1317 439 1392 nonen
461 1336 532 1396 ergo
552 1318 674 1377 andum
692 1335 812 1395 pugnae
829 1316 994 1377 Ascanium
1014 1320 1045 1375 et
1068 1336 1123 1376 sua
1145 1319 1188 1391 et,
1213 1317 1294 1393 quod

229 1423 255 1466 6
270 1405 465 1486 potissimum
487 1406 624 1466 omnibus
647 1406 718 1481 fuit,
747 1405 928 1466 auctoritate
955 1405 1069 1465 Phoebi
1096 1405 1294 1482 prohibebant

270 1515 309 1556 ne
333 1496 385 1556 cui
405 1513 438 1556 ee
460 1495 617 1556 certamini
637 1497 845 1556 committeret.
881 1496 941 1570 ipsi
958 1496 991 1553 in
1009 1496 1170 1554 certamina
1188 1513 1294 1554 rursus

270 1583 432 1648 succedanei
462 1586 635 1659 animasque
664 1585 699 1643 in
730 1589 834 1658 aperta
858 1584 993 1657 pnioula
1025 1586 1154 1652 nitunt,
1186 1587 1293 1661 utpote

271 1691 349 1752 qnos
377 1677 483 1752 aperta
510 1674 646 1750 exempla
673 1676 768 1734 certos
799 1692 975 1750 securosque
1005 1673 1226 1750 praestiterant
1271 1674 1294 1731 il

271 1765 386 1824 clam
413 1764 479 1823 tote
501 1779 558 1837 per
580 1763 808 1837 mopupnacnla
835 1764 945 1821 muris:
974 1763 1168 1822 emittebatur
1196 1761 1294 1821 audax

230 1867 256 1910 6
272 1853 389 1914 clamor
409 1871 464 1929 per
485 1851 587 1912 omnia
604 1871 758 1911 murorum
780 1852 1016 1930 propugnacula.
1053 1853 1192 1911 sternitur
1210 1868 1294 1910 ornne
1304 1862 1355 1911 666

271 1943 369 2002 when
391 1941 470 2001 telis:
495 1944 583 2002 tanta
605 1941 667 2001 tela
689 1941 900 2016 mittebantur,
922 1944 958 2001 ut
981 1959 1098 2000 omnem
1120 1940 1294 2018 obtegerent

271 2033 396 2092 terrum.
440 2034 503 2090 turn
531 2034 615 2090 senta
641 2048 787 2103 66666666
815 2031 888 2089 dani
916 2032 1044 2090 6666666
1070 2031 1151 2101 tlicin
1177 2030 1294 2104 paleae:

272 2120 356 2200 quod
372 2122 454 2180 terra
473 2119 583 2179 dicitnr
599 2120 669 2179 telis
688 2120 819 2195 obtecta,
843 2119 924 2197 quod
942 2119 1019 2178 ictae
1038 2120 1141 2198 galeae
1159 2122 1190 2179 et
1207 2121 1294 2179 scuta

271 2227 415 2287 percussa
443 2210 561 2270 crebros
588 2209 703 2270 sonitus
732 2209 858 2284 dabant,
887 2212 918 2269 et
944 2209 1121 2269 bellantium
1148 2209 1242 2268 animi
1264 2211 1295 2269 et

231 2314 257 2355 ro
271 2298 436 2361 missilium
471 2298 635 2359 multitudo
672 2302 702 2358 et
738 2298 859 2376 copiosa
895 2298 1065 2358 substantia
1099 2299 1294 2376 significatur.

271 2387 428 2449 inducitur
456 2390 646 2466 conparatio,
675 2390 712 2447 ut
741 2389 918 2447 ostendatur
947 2390 1061 2465 quanta
1090 2388 1135 2447 vis
1165 2389 1295 2447 telorum

271 2478 382 2539 fuisset
404 2479 435 2537 ot
462 2476 714 2553 quemadmodum
740 2477 921 2537 resonabant
949 2496 1025 2554 quae
1052 2477 1296 2552 percutiebantur

272 2568 358 2627 tolie:
381 2570 509 2641 6666666
528 2568 566 2627 ab
584 2583 689 2626 omma
706 2567 826 2624 ueniens
840 2567 1024 2640 pluvialibus
1042 2566 1145 2624 haedis
1162 2568 1357 2627 subnotato

272 2656 367 2716 inber
387 2656 522 2725 6666666,
545 2672 636 2728 66666
657 2656 750 2714 inulla
770 2656 917 2729 grandine
939 2656 1033 2714 nimbi
1053 2656 1087 2713 in
1109 2655 1189 2714 eada
1206 2672 1295 2728 prae-

232 2756 258 2799 re
273 2745 410 2819 66666666,
441 2761 507 2804 6666
535 2744 672 2819 Iuppiter
700 2744 838 2802 llorriolus
870 2746 981 2803 ansuis
1012 2747 1121 2816 torquet
1153 2761 1295 2816 aquosam

272 2834 397 2895 66661666
419 2837 446 2893 ei
467 2833 545 2893 coelo
568 2851 643 2892 caea
664 2833 769 2892 nubila
791 2835 910 2907 rumpit.
955 2836 1019 2892 tam
1045 2833 1160 2907 crebra,
1186 2834 1295 2908 inquit,

273 2924 396 2983 innunt
418 2941 495 2999 quac
516 2922 679 2982 mittebant
702 2924 849 2982 certantes
873 2925 964 2999 atque
986 2922 1030 2981 ita
1053 2941 1194 2997 percussa
1216 2940 1295 2981 reso-

273 3011 391 3073 nabunt
416 3030 509 3089 quam
536 3011 644 3072 densae
672 3014 743 3070 sunt
769 3012 905 3087 pluviae,
936 3030 1003 3070 cum
1025 3011 1190 3071 haedorum
1213 3010 1295 3071 sidus

273 3102 392 3177 meuc,
419 3101 452 3160 et
477 3100 728 3176 quemadmodum
757 3101 886 3177 crepitat
913 3102 1041 3178 grando,
1065 3119 1134 3160 cum
1157 3101 1256 3160 densis
1280 3119 1295 3159 e

233 3206 259 3247 ao
273 3189 406 3251 nubibus
428 3188 574 3251 funditur.

345 3278 509 3339 Pandarus
536 3283 563 3337 et
588 3279 689 3338 Bitias
715 3278 808 3338 Iolaeo
831 3278 978 3337 Alcanore
1005 3280 1087 3349 creti,
1116 3296 1187 3352 qnos
1213 3278 1296 3337 Iovis

274 3368 377 3429 666666
404 3368 468 3427 leoco
497 3368 640 3427 alvernis
668 3369 785 3427 Hibero
814 3369 957 3427 abietibus
986 3369 1105 3426 invenes
1130 3368 1240 3440 patriis
1270 3371 1297 3426 et

274 3481 491 3493 ..—--——

347 3545 364 3595 1
378 3538 471 3595 adbuc
484 3554 537 3593 om.
549 3537 592 3593 ed.
649 3543 667 3591 4
681 3539 960 3606 pharetramque-6
975 3542 1116 3592 sornnlem
1129 3537 1208 3591 deest
1221 3537 1252 3591 in
1261 3537 1295 3605 V,

275 3610 327 3667 ced
344 3609 512 3681 miicatur.
568 3611 661 3663 'leina
679 3626 733 3663 om.
748 3609 791 3663 ed.
848 3610 1113 3663 Sintis-Phoebi
1128 3608 1208 3662 deest
1221 3608 1295 3674 inV,

275 3682 328 3739 ud
344 3680 512 3751 aplineas
568 3686 601 3734 15
620 3697 730 3734 versum
749 3685 810 3745 666,
830 3679 878 3748 qui
897 3680 977 3734 deest
994 3680 1025 3734 in
1038 3679 1072 3746 V,
1091 3680 1156 3733 add.
1174 3680 1226 3747 ed,
1246 3680 1296 3734 sed

274 3768 334 3809 uon
350 3752 517 3823 explicatum
578 3757 611 3805 18
630 3753 719 3806 dictae
735 3753 827 3822 palice
840 3750 866 3804 V
883 3753 940 3806 ieta
957 3753 1038 3821 palea
1056 3751 1099 3805 ed.
1158 3757 1193 3805 24
1211 3753 1296 3808 imber

275 3822 381 3881 onnV.
453 3828 488 3879 ⁸2
505 3823 601 3879 16666
614 3823 640 3877 V
653 3824 745 3879 Hiera
763 3823 806 3879 ed.
835 3822 839 3897 l
866 3839 1020 3895 percepto
1038 3822 1191 3896 patriisV.

326 3930 386 3975 Μ
393 3930 487 3979 mm.
498 3930 562 3980 Venae
578 3931 623 3973 roi.
633 3931 665 3972 Π
1119 3936 1161 3989 ῃ
