3142 4375
651 413 905 470 Annumosxn
1220 417 1286 484 577

269 586 409 644 liceretur
439 584 547 661 quibus
578 583 750 644 auctoribus
780 583 942 643 conflatum
971 587 1017 644 est
1046 583 1157 644 bellum
1185 603 1289 645 verum

268 674 361 734 etiam
393 693 468 751 quos
498 673 593 734 hostis
623 672 732 732 habuit
762 674 949 732 retenturum
979 691 1010 732 se
1040 674 1191 734 adsereret
1222 692 1290 733 oum

269 764 408 823 Troianis
432 764 581 841 aequalis!
618 764 765 839 quantum
788 779 819 820 se
841 762 926 820 etin
949 780 983 821 so
1006 762 1187 823 monstravit
1207 763 1289 822 beni·

268 853 384 927 volum,
414 871 500 913 sacra
530 853 593 912 illis
624 870 659 911 ae
689 851 760 911 deos
790 849 1006 927 promittendo,
1036 871 1146 912 munus
1177 852 1291 912 seilicet

237 957 250 998 s
269 941 435 1019 optandum
458 943 574 1002 cunctis
598 944 629 1002 et
650 940 863 1003 venerabiliter
885 939 1105 1016 excipiendum!
1133 941 1290 1001 deferendo

269 1034 370 1091 autem
400 1050 500 1091 socero
529 1033 560 1090 et
585 1028 703 1090 Latinis
730 1030 880 1107 quantum
907 1029 965 1088 sibi
993 1030 1127 1089 favorem
1158 1031 1291 1090 omnium

268 1120 379 1180 iunxit!
408 1120 441 1180 in
465 1139 499 1179 eo
527 1139 597 1180 vero
628 1120 749 1196 plenem
775 1120 956 1179 monstravit
982 1120 1194 1195 reverentiam,
1224 1139 1292 1180 cum

267 1210 356 1268 iilum
374 1213 404 1268 et
422 1209 517 1287 patris
536 1209 655 1269 nomine
675 1208 840 1286 appellavit
858 1210 888 1266 et
908 1208 1011 1268 soceri.
1042 1208 1165 1282 habeto,
1182 1210 1292 1286 inquit,

268 1301 355 1376 pater
374 1318 466 1374 arma,
485 1299 594 1358 habeto
613 1317 696 1357 socer
712 1299 886 1374 imperium3
904 1298 960 1357 hoc
978 1298 1024 1356 est
1042 1300 1121 1357 enim
1134 1297 1292 1374 imperare,

223 1387 376 1447 rehabere
402 1388 615 1449 movendorum
643 1406 795 1447 armorum
816 1388 1010 1463 potestatem,
1037 1405 1105 1446 oum
1131 1390 1292 1447 necessitas

269 1478 372 1553 fuerit,
392 1479 423 1537 et
441 1496 545 1554 pacem
563 1477 649 1551 tueri,
668 1495 761 1552 quam
775 1477 982 1553 procuraverit
1000 1475 1086 1535 labor
1104 1478 1134 1535 et
1153 1476 1293 1537 fontanae

269 1567 455 1644 suffragium.
501 1568 545 1625 sic
571 1567 674 1643 posuit
709 1584 793 1625 socer
821 1565 949 1625 Latinus
978 1565 1088 1624 habeto
1123 1584 1222 1639 arma,
1256 1568 1293 1625 ut

270 1675 364 1733 genus
392 1658 433 1715 sit
460 1656 557 1734 magis
584 1654 743 1714 locutionis
772 1673 863 1731 quam
890 1654 1098 1713 declinationis
1124 1655 1292 1733 integritas.

269 1744 345 1803 mihi
368 1764 437 1805 vero
461 1745 538 1804 citra
555 1745 689 1803 laborem
712 1743 837 1818 civium,
860 1744 936 1803 citra
958 1744 1135 1819 cuiusquam
1151 1744 1293 1820 inpensas

223 1849 252 1891 rs
269 1835 331 1892 mei
349 1836 534 1893 constituent
550 1833 655 1891 urbem
668 1834 699 1891 et
710 1834 785 1892 haec
799 1832 944 1892 Lauiniae
958 1831 1147 1891 decorabitur
1164 1831 1292 1893 nomine.

269 1924 313 1983 sic
339 1927 426 1995 puter
451 1922 582 1992 Aeneas,
613 1923 743 1997 sequitur
771 1923 815 1981 stc
841 1922 945 1980 deinde
971 1922 1102 1981 Latinus
1131 1923 1294 1995 suspiciens
1304 1934 1355 1984 195

271 2012 383 2071 ccciccc
413 2012 557 2084 tenditque
584 2012 625 2071 ud
651 2012 751 2070 sideru
778 2011 926 2070 deutrum:
960 2010 1071 2070 idcirco
1102 2012 1135 2069 in
1165 2030 1294 2088 superna

271 2101 416 2176 aspiciens
436 2102 566 2175 caelum,
585 2100 658 2178 quia
674 2100 821 2176 templum
839 2100 872 2159 in
890 2119 995 2177 campo
1013 2119 1074 2159 non
1089 2101 1196 2160 fuerat.
1224 2102 1295 2160 tuce

272 2191 385 2261 eaden,
404 2189 520 2259 Aenon,
540 2196 661 2260 terrun,
679 2207 775 2259 nore,
794 2191 894 2250 sideru
912 2192 978 2249 tuno
996 2190 1186 2264 Latonaeque
1201 2208 1295 2266 penus

224 2296 253 2338 eo
271 2280 379 2353 duplex
397 2281 565 2352 Ianumque
588 2281 742 2353 bifrontem
763 2281 879 2353 uimque
901 2280 988 2338 deenn
1009 2280 1160 2352 infernum
1183 2285 1209 2339 et
1226 2281 1296 2340 duri

271 2370 409 2428 sacrario
422 2369 517 2428 Ditis:
534 2373 571 2427 ut
588 2368 758 2428 ostenderet
770 2368 898 2428 Latinus
917 2387 948 2428 se
962 2369 1051 2427 fidem
1064 2370 1185 2445 plenam
1202 2370 1294 2430 inter·

271 2458 379 2534 positis
397 2458 587 2534 pactionibus
606 2459 809 2532 servaturum,
833 2461 864 2517 et
882 2477 950 2535 ego,
973 2458 1088 2534 inquit,
1105 2459 1221 2532 Aenea,
1241 2479 1296 2535 per

272 2548 343 2606 deos
365 2549 447 2624 ipsos
469 2547 535 2607 iuro
558 2567 613 2623 per
631 2565 707 2623 quos
729 2547 793 2622 ipse
812 2549 920 2606 iurasti
943 2549 973 2606 et
994 2548 1208 2606 elementorum
1231 2567 1294 2607 om·

271 2636 356 2695 nium
379 2637 504 2695 numina
526 2637 641 2712 pariter
661 2635 775 2695 invoco.
813 2640 900 2709 tunpo
925 2653 1009 2703 uuus,
1037 2636 1148 2695 medus
1169 2638 1247 2710 tynis
1270 2640 1356 2698 et201

226 2741 253 2782 as
271 2727 399 2785 nnuntnu
421 2730 522 2784 tector:
551 2725 627 2783 nihil
649 2726 729 2782 enim
756 2724 840 2783 aliud
867 2725 974 2784 habuit
1000 2724 1033 2782 in
1063 2725 1214 2802 praesenti
1236 2725 1296 2784 nisi

273 2833 342 2873 aras
357 2818 387 2874 et
400 2816 489 2892 ignis,
506 2834 583 2890 quae
596 2814 729 2892 contingi
742 2832 836 2872 manu
848 2815 1021 2889 potuerunt.
1057 2813 1181 2873 numina
1195 2817 1296 2873 autem

346 2948 427 3002 23εά
440 2947 466 3001 V
480 2949 525 3004 ed.
543 2965 571 3004 ee
589 2964 647 3001 nos.
721 2953 737 3000 3
761 2954 896 3017 quantum
918 2965 945 3002 se
965 2947 992 3000 V
1013 2948 1123 3014 futcuoa
1146 2965 1200 3003 esse
1224 2949 1294 3021 ed!

273 3021 428 3075 deuinctum
450 3019 476 3071 V
503 3037 531 3074 ac
559 3021 582 3074 b.
612 3019 655 3073 ed.
742 3025 758 3072 4
786 3019 869 3074 odeos
891 3019 917 3071 V
945 3037 978 3074 ac
1004 3020 1067 3074 deos
1093 3036 1144 3072 noe
1172 3036 1224 3073 om.
1252 3020 1295 3074 ed.

275 3097 308 3146 12
328 3107 402 3146 coece
416 3090 442 3144 V
456 3091 501 3145 cd.
520 3093 550 3145 at
568 3091 654 3159 paulo
674 3091 802 3158 superius
819 3097 909 3159 pater,
927 3093 1038 3144 mutare
1056 3090 1142 3144 nolui.
1199 3096 1232 3144 13
1251 3108 1297 3162 pc-

273 3161 366 3218 nueV
384 3163 472 3232 pcntte
491 3162 534 3216 ed.
554 3178 623 3215 corr.
643 3162 687 3216 ed.
706 3164 778 3230 post.
810 3162 813 3233 t
847 3161 1030 3232 iutcpntucV
1048 3163 1177 3217 interitus
1195 3161 1218 3218 0
1238 3164 1296 3218 ed:

274 3231 387 3288 collatis
411 3249 484 3301 quae
502 3234 677 3301 praecedunt
695 3250 807 3287 sensum
826 3233 867 3287 sic
888 3233 1010 3302 accipio,
1031 3239 1064 3286 ut
1084 3233 1155 3288 Don.
1174 3251 1295 3289 armu-

273 3306 419 3373 c'nepeu'ucn
447 3321 535 3374 genus
563 3303 713 3358 locutionis
744 3304 823 3358 dicat
852 3322 904 3373 pro
935 3321 1097 3372 „armorum
1124 3305 1296 3373 imperium“

275 3376 437 3444 (locutionis
456 3392 545 3444 genus
566 3375 696 3429 similiter
715 3375 788 3428 dixit
807 3381 849 3442 11,
864 3378 935 3444 489).
995 3382 1028 3429 14
1051 3393 1121 3447 pyra
1139 3377 1258 3431 laborem
1271 3376 1297 3430 V

274 3465 346 3502 corr.
360 3448 403 3502 ed.
423 3447 554 3517 (alterum
572 3450 644 3502 eitra
664 3447 750 3501 etiam
764 3446 809 3512 V).
839 3447 843 3518 t
877 3450 942 3516 post
959 3449 1090 3516 inpensas
1107 3449 1164 3502 tres
1183 3448 1297 3502 litterae

274 3534 386 3585 erasae,
410 3519 538 3586 sequitur
561 3521 614 3573 uei
636 3520 705 3572 uena·
722 3517 747 3570 V
767 3519 810 3572 ed.
833 3520 901 3573 uini
927 3517 1030 3572 delevi:
1055 3518 1174 3572 fortasse
1201 3521 1298 3574 Teucri

274 3591 329 3646 uei
355 3590 400 3644 vel
425 3592 495 3645 cinea
520 3591 575 3644 mei
602 3588 780 3643 scribendum
810 3591 861 3644 est.
947 3595 980 3644 16
1004 3597 1085 3659 puter
1105 3589 1131 3643 V
1150 3590 1192 3644 ed.
1217 3592 1299 3660 prior

274 3677 372 3716 omnes
390 3661 473 3729 Verg.
494 3660 569 3714 libri.
598 3661 600 3732 t
629 3662 781 3729 suscipiens
799 3660 832 3715 V.
915 3666 948 3714 17
972 3661 1136 3730 tendensque
1159 3661 1202 3716 cd.
1234 3661 1237 3733 t
1266 3663 1299 3716 iu

274 3749 396 3801 superna
409 3732 479 3786 Vu'n
493 3749 546 3786 om.
562 3732 606 3786 ed.
653 3737 686 3786 18
705 3733 811 3786 caetum
824 3731 926 3786 Veto.
942 3732 986 3787 ed.
1037 3737 1072 3786 20
1090 3733 1250 3800 bifuentem
1263 3732 1296 3786 V.

276 3810 312 3858 24
330 3804 482 3874 nectierque
500 3804 544 3871 ed.
600 3809 634 3858 25
652 3809 734 3859 testor
746 3802 857 3859 ncnuv
875 3804 978 3860 ucdioe
991 3804 1059 3860 dicit
1076 3804 1212 3871 interpoe.
1225 3803 1303 3858 edV.

331 3909 389 3952 Dora
398 3911 493 3960 interpr.
502 3911 569 3961 Ver-g.
584 3911 629 3954 vol.
638 3911 670 3954 11.
1117 3913 1156 3961 ἏῚ
