3142 4375
660 522 845 580 AENEIDOS
858 523 911 579 VH
1252 526 1295 591 27

277 695 367 754 ariete
388 711 471 753 caeso
491 693 642 767 perpetuis
669 693 747 751 soliti
767 696 872 765 patres
900 692 1048 752 semidae
1073 694 1198 751 mensu:
1230 710 1296 752 ecce

276 786 400 861 propter
427 802 519 860 quam
546 800 669 842 causam
696 781 772 841 dixit
798 784 912 841 tectum
939 783 1117 860 augustum,
1148 783 1197 841 vel
1225 782 1297 859 quia

276 874 381 932 domus
405 874 464 931 fuit
486 891 591 950 regum
615 871 664 930 vel
691 872 764 946 quia
790 888 876 949 reges
898 871 958 946 ipsi
984 871 1048 930 illic
1075 870 1221 950 regnandi
1244 890 1296 929 au·

276 962 372 1038 spicia
401 961 616 1036 sortiebantur,
645 959 708 1019 illio
736 979 854 1018 omnem
880 960 1084 1037 suscipiebant
1107 963 1295 1037 potestatem,

246 1051 339 1110 sillic
374 1052 506 1128 primum
541 1051 637 1109 fasces
669 1049 832 1127 erigebant.
872 1052 960 1109 tanta
992 1052 1095 1108 autem
1130 1050 1297 1109 incolarum

275 1139 420 1218 religione
461 1138 692 1216 suspiciebatur,
729 1144 766 1196 ut
800 1139 858 1197 hoc
895 1138 957 1198 illis
994 1142 1073 1199 esset
1108 1138 1204 1213 curia,
1240 1139 1298 1199 hoc

275 1230 434 1306 templum,
462 1228 494 1287 in
520 1229 577 1287 hoc
604 1246 689 1287 sacra
719 1227 858 1287 convivia
885 1227 1099 1289 exercerentur.
1144 1228 1296 1304 perpetuis

275 1320 386 1377 mensis
409 1317 486 1377 dixit
507 1316 540 1376 in
562 1318 685 1395 longum
707 1317 871 1393 conpositis
895 1320 926 1376 et
943 1316 1077 1395 digestis.
1113 1317 1297 1394 descriptum

276 1410 322 1467 est
339 1407 523 1467 vestibulum
545 1405 650 1466 domus
673 1408 705 1465 et
725 1425 844 1465 morum
866 1405 1050 1466 consuetudo
1073 1406 1203 1484 signata,
1218 1451 1296 1466 .....

231 1514 258 1554 ιο
277 1540 428 1555 .........
451 1496 500 1555 rel
528 1497 646 1571 partem
676 1495 892 1572 propositionis
922 1515 983 1571 qua
1012 1494 1088 1555 dixit
1116 1494 1297 1555 horrendum

275 1584 420 1662 religione
438 1588 596 1661 parentum
616 1587 647 1644 et
668 1588 773 1643 narrat
791 1584 961 1661 specialiter
983 1586 1037 1660 qui
1059 1584 1171 1644 fuerint
1192 1586 1225 1644 in
1242 1585 1296 1645 illo

275 1672 412 1751 ingressu
439 1676 577 1751 parentes
596 1672 708 1733 Latini.
749 1674 822 1747 que'u
851 1675 939 1733 etiam
965 1677 1094 1732 estuare
1121 1674 1233 1748 effigies
1262 1692 1297 1733 eu

276 1763 378 1821 ardiae
407 1781 530 1822 cuorum
559 1764 698 1835 autiquae
727 1763 826 1822 cedro:
862 1782 897 1822 ex
926 1762 1030 1823 ordine
1061 1762 1297 1841 intellegendum

275 1854 321 1911 est
343 1851 400 1911 ita:
423 1856 458 1912 ut
480 1853 546 1911 nati
572 1853 707 1927 fuerant,
735 1851 778 1911 sic
805 1870 908 1911 eornm
933 1851 1081 1930 imagines
1108 1852 1201 1911 fuisse
1228 1870 1297 1911 con-

230 1957 256 1998 ro
274 1942 398 2019 positas.
445 1943 589 2018 antiquae
622 1942 709 2000 cedro
742 1943 797 2000 aut
827 1960 862 2000 ex
893 1942 980 2001 cedro
1008 1942 1115 2015 factae,
1144 1941 1297 2017 quiahoc

274 2049 369 2109 genus
392 2030 469 2109 ligni
490 2030 603 2089 tineam
621 2029 718 2090 nescit
744 2030 1025 2107 corruptionemque
1053 2049 1088 2090 ex
1113 2030 1296 2108 antiquitate

273 2140 333 2180 non
352 2122 454 2196 sentit,
473 2123 529 2179 aut
547 2120 647 2180 cedria
659 2123 832 2196 perunctae,
851 2121 994 2198 quoniam
1012 2120 1096 2200 ligna
1115 2120 1297 2179 custoditae

274 2212 382 2271 servat.
422 2211 577 2284 Italusque
596 2213 738 2283 paterque
763 2209 895 2269 Somnus
917 2212 1066 2269 vitisator:
1095 2211 1152 2270 hoc
1178 2209 1297 2288 signum

273 2301 395 2372 meruit,
432 2298 514 2377 quod
546 2300 658 2358 multas
694 2299 765 2358 vitis
796 2298 932 2358 instituit
962 2300 994 2358 in
1025 2299 1124 2358 Italia.
1175 2317 1297 2358 curam

230 2403 256 2441 ao
273 2405 396 2448 seruans
422 2390 477 2448 sub
500 2389 629 2462 tuapiue
654 2389 776 2461 falcem:
804 2407 925 2448 servans
948 2389 1055 2447 falcem
1077 2389 1135 2448 hoc
1162 2391 1208 2448 est
1229 2409 1296 2465 pcr-

274 2480 395 2552 petuam
423 2481 537 2537 tenens,
583 2477 639 2537 sub
666 2476 798 2554 imagine
826 2479 869 2536 sic
896 2477 1115 2554 accipiendum,
1145 2478 1226 2555 quod
1253 2479 1296 2537 sic

276 2583 342 2623 eam
369 2569 497 2642 teneret,
531 2569 567 2626 ut
601 2566 664 2626 eius
698 2565 766 2626 visu
799 2585 916 2644 semper
947 2567 1158 2641 delectaretur,
1189 2570 1296 2643 utpote

277 2656 392 2713 amator
413 2657 531 2731 vitium,
551 2675 677 2732 quarum
701 2657 836 2715 culturas
855 2657 951 2714 omnis
969 2658 1089 2733 putatio
1108 2656 1194 2716 falcis
1213 2658 1297 2715 ante·

275 2743 367 2816 venit,
389 2744 443 2802 sub
465 2744 598 2823 imagine
622 2765 693 2823 ergo
716 2744 771 2804 sub
796 2745 890 2804 oculis
908 2745 1050 2823 imaginis
1069 2763 1148 2804 suae.
1185 2747 1296 2820 tamen,

230 2832 420 2908 aequoniam
445 2853 514 2892 mox
541 2835 678 2910 sequitur
721 2834 926 2907 Saturnusque
948 2852 1048 2903 seusu
1078 2835 1179 2910 potest
1200 2833 1358 2893 videri180

274 2920 339 2997 ipse
362 2922 459 2998 magis
482 2940 550 2981 cum
568 2924 645 2983 falce
664 2923 844 3000 descriptus,
867 2927 904 2982 ut
920 2925 1005 3000 prius
1024 2923 1105 2982 dicta
1125 2923 1166 2982 sit
1184 2924 1295 2999 species

276 3028 353 3087 quae
375 3010 538 3084 ferebatur,
569 3012 675 3071 dehinc
700 3012 769 3089 quis
796 3013 888 3071 ferret
911 3015 1060 3086 ostensus,
1087 3014 1123 3071 ut
1145 3013 1186 3072 sit
1208 3013 1295 3072 ordo:

274 3098 432 3176 Italusque
463 3102 607 3175 paterque
639 3099 767 3161 Sabinus
798 3101 939 3162 vitisator
968 3100 1175 3179 Saturnusque
1207 3120 1295 3161 senex

275 3207 398 3248 curvam
425 3207 546 3248 servans
573 3188 628 3249 sub
653 3190 784 3269 imagine
807 3191 924 3250 falcem.
965 3209 1031 3249 ecce
1054 3191 1199 3267 patefecit
1221 3191 1296 3269 quid

346 3346 362 3394 3
381 3358 457 3411 repes
474 3342 530 3410 ipsi
547 3339 573 3394 V
592 3341 642 3395 sed
663 3359 738 3412 repes
757 3343 788 3396 in
808 3344 880 3412 repis
898 3360 967 3398 corr.
1040 3350 1058 3397 4
1079 3344 1243 3399 sortiebatur
1260 3343 1294 3395 V.

274 3418 290 3467 5
309 3414 368 3467 tlte'e
385 3411 412 3466 V
430 3419 512 3482 atque
529 3413 548 3466 t.
569 3412 612 3466 ed.
672 3419 688 3467 6
706 3414 756 3468 hoc
773 3415 832 3468 illis
849 3413 875 3468 V
892 3416 959 3469 haec
976 3416 995 3468 i.
1015 3415 1058 3469 ed.
1119 3421 1134 3469 ‘1
1153 3417 1185 3468 e'u
1202 3415 1252 3469 tac
1269 3414 1295 3468 V

274 3490 299 3538 ct
316 3486 348 3537 iu
365 3485 391 3538 t.
410 3484 454 3537 ed.
511 3488 526 3536 9
545 3486 611 3552 post
628 3484 740 3552 sipuatu
758 3485 882 3552 spatium
896 3486 1122 3554 quattuordecim
1136 3486 1295 3540 litterarum

273 3557 363 3621 vacat,
378 3555 505 3624 sequitur
522 3557 564 3610 oet
577 3554 723 3624 purtemV
737 3557 840 3610 uruat
856 3557 894 3611 ad
911 3558 992 3611 atiud
1011 3557 1197 3626 supplendum
1216 3559 1294 3625 puto.

275 3631 308 3680 10
336 3628 384 3695 que'
410 3626 531 3682 dircitV
559 3644 643 3696 quum
666 3627 692 3681 d.
715 3627 760 3680 ed.
838 3633 871 3681 11
895 3635 1043 3697 pareutum
1062 3629 1087 3683 V
1109 3635 1225 3698 patrum
1250 3629 1293 3682 ed.

274 3703 308 3750 la
334 3700 466 3766 autiquae
490 3699 588 3754 caedra
613 3700 732 3767 utroque
757 3698 820 3752 loco
846 3700 875 3752 et
900 3705 951 3753 623
970 3699 1004 3754 V.
1082 3706 1115 3755 ii
1142 3698 1301 3754 caecans

273 3769 348 3823 cedri
379 3771 435 3825 oleo
468 3770 511 3824 ed.
599 3775 633 3824 23
663 3772 787 3826 culturas
814 3771 905 3828 amau
926 3770 954 3827 V
990 3771 1049 3828 edi
1079 3769 1219 3838 corrupit
1249 3763 1333 3816 euti.

274 3844 309 3892 24
327 3846 418 3895 tamea
434 3840 461 3894 V
480 3841 532 3895 edi
550 3848 657 3900 tautum
677 3843 748 3901 edF.
816 3851 853 3903 25
871 3852 1010 3920 poteat-
1024 3850 1064 3900 ‘at
1084 3845 1196 3911 totoue
1215 3852 1280 3887 um·
1299 3827 1355 3877 &a
1376 3900 1379 3915 Α

271 3913 308 3962 29
315 3917 401 3978 pater
412 3912 482 3978 lecet
501 3913 527 3968 V
543 3932 614 3973 corr.
634 3919 680 3978 ed,
1375 3918 1379 3937 ⁴
