3142 4375
648 464 832 530 AENEIDOS
850 464 902 519 XII
1218 468 1282 534 571

264 633 325 693 nisi
342 634 423 710 quod
440 654 501 694 non
519 635 618 711 potest
636 637 715 694 stare
733 632 849 693 viribus
866 635 938 694 suis.
969 633 1018 693 hio
1036 654 1155 711 quoque
1174 634 1287 695 adserit

264 726 355 801 poeta
367 724 493 783 fatalem
511 724 721 784 necessitatem
739 722 871 783 cuiusvis
890 742 946 799 ope
962 724 1098 800 superari
1115 743 1175 784 non
1189 742 1284 801 posse.

264 831 344 871 nune
366 815 500 872 iuvenem
521 813 679 886 inparibus
695 812 778 871 uideo
797 829 967 871 menuae
985 813 1049 872 tetis
1065 813 1287 885 Parcarumque
1297 824 1348 874 150

264 901 327 961 dies
340 906 366 961 et
379 903 425 961 oie
438 903 560 961 inimica
570 903 764 976 propinquat:
776 901 876 961 noluit
889 901 986 961 dieere
1000 920 1036 961 ex
1050 905 1154 979 aperto
1164 901 1286 962 Aenean

232 1008 244 1047 e
264 991 358 1051 fuisse
376 991 542 1066 fortiorem,
560 990 637 1051 dixit
653 989 810 1068 inparibus
822 990 902 1066 telis,
918 993 954 1049 ut
966 992 1054 1050 heros
1068 990 1176 1051 Troius
1190 992 1286 1069 magis

265 1098 416 1140 armorum
443 1099 550 1159 genere
577 1098 669 1157 quam
697 1079 810 1140 viribus
839 1079 970 1157 propriis
997 1083 1076 1140 esset
1103 1080 1286 1141 obtenturus.

264 1169 382 1229 addidit
401 1169 480 1230 diem
498 1169 704 1230 tatis-ultimis
723 1168 870 1249 debitum,
893 1172 929 1228 ut
946 1168 1091 1245 quioquid
1112 1170 1151 1228 ad
1168 1170 1287 1230 Aeneae

264 1260 394 1338 gloriam
417 1277 452 1318 ex
474 1261 570 1319 morte
588 1258 684 1318 Turni
705 1257 873 1318 redundare
896 1257 1045 1334 potuisset
1067 1259 1238 1319 auferretur
1259 1262 1288 1319 ei

264 1352 296 1409 et
318 1350 396 1408 esset
417 1348 514 1426 magis
536 1348 669 1408 fatorum
692 1344 776 1425 quod
800 1347 934 1407 fortioris
961 1347 1066 1407 dextra
1093 1348 1194 1408 fuerat
1220 1368 1287 1426 pro·

218 1456 245 1496 1⁰
264 1455 425 1497 cessurum.
470 1454 530 1496 non
548 1454 683 1512 pulpam
706 1437 1060 1511 epicoenomena,
1087 1455 1148 1496 non
1168 1437 1288 1511 foedera

259 1544 399 1602 possein:
429 1526 522 1602 oculi,
548 1525 663 1604 inquit,
690 1525 749 1586 mei
772 1526 848 1585 dura
876 1526 999 1604 fugiunt
1021 1528 1052 1584 et
1074 1545 1165 1586 saeva
1187 1526 1287 1586 videre

263 1635 325 1676 non
350 1618 483 1693 possunt.
528 1616 586 1675 hoe
612 1616 694 1690 ideo,
724 1634 760 1673 ne
783 1616 912 1675 Iuturna
940 1616 1051 1675 diceret
1077 1619 1112 1675 tu
1142 1615 1288 1675 auxiliare

263 1725 319 1783 per
341 1708 387 1781 te,
410 1705 482 1781 quia
504 1705 668 1781 plurimum
690 1707 789 1781 potes:
811 1705 867 1764 illa
890 1705 934 1765 ait
956 1724 1010 1765 nee
1032 1706 1094 1764 tale
1112 1723 1207 1783 genus
1226 1706 1287 1767 foe·

265 1796 344 1855 deris
375 1794 455 1855 oeuli
484 1795 544 1853 mei
570 1793 671 1854 videre
701 1797 830 1870 possunt
858 1813 912 1854 neo
941 1794 1003 1853 tale
1032 1797 1191 1854 certamen.
1228 1814 1288 1854 non

218 1901 245 1942 re
263 1886 366 1962 placet
380 1884 537 1944 eoncordia
556 1883 688 1960 partium
706 1902 798 1958 quam
814 1883 861 1942 tui
873 1883 977 1943 fratris
994 1883 1126 1943 firmabit
1138 1883 1288 1958 interitus,

263 1974 404 2033 tunditur
421 1974 543 2051 sanguis
562 1972 690 2032 insontis
709 1973 846 2032 etunius
865 1971 1075 2050 procurabitur
1092 1975 1188 2032 morte
1208 1972 1288 2049 quod

265 2064 457 2124 vehementer
478 2063 641 2122 horremus.
673 2060 760 2121 finxit
781 2062 856 2120 haee
879 2061 1008 2139 cogitari
1030 2081 1085 2138 pro
1108 2062 1211 2122 Turno
1234 2080 1288 2121 neo

265 2151 325 2213 sibi
350 2151 467 2229 aliquid
489 2150 695 2228 profuturum,
725 2150 751 2211 si
773 2151 894 2212 foedera
915 2150 1122 2227 turbarentur,
1149 2154 1180 2211 et
1203 2170 1288 2212 omne

267 2241 460 2302 consiliorum
477 2240 666 2301 commodum
684 2243 716 2299 in
734 2240 879 2300 Iuturnae
892 2243 1010 2317 partem
1026 2243 1115 2318 plena
1133 2261 1289 2320 argumen-

219 2349 248 2388 ao
266 2333 381 2392 tatione
408 2330 606 2405 transfundit,
635 2332 672 2388 ut
698 2330 753 2389 illa
780 2349 835 2406 pro
858 2331 992 2389 fraterna
1018 2331 1154 2391 utilitate
1176 2332 1288 2391 faciens

266 2423 442 2498 procuraret
463 2420 554 2479 utilia
576 2419 677 2480 nesoia
700 2420 782 2496 quod
803 2419 928 2478 Iunonis
952 2419 1051 2479 studio
1074 2422 1287 2496 proventurum

267 2512 345 2570 esset
372 2510 515 2586 quiequid
541 2510 574 2566 in
602 2527 638 2568 ea
665 2527 755 2568 eausa
783 2508 869 2568 labor
895 2512 997 2585 posset
1023 2509 1188 2585 adquirere.
1234 2527 1288 2568 nos

266 2598 312 2659 ita
329 2600 403 2658 haee
422 2617 513 2675 quae,
536 2599 606 2657 lieet
624 2597 705 2657 diota
722 2617 784 2658 non
803 2597 876 2672 sint,
898 2600 1000 2657 tamen
1019 2604 1179 2675 apparent,
1203 2597 1288 2658 debe·

266 2707 333 2748 mus
353 2687 540 2748 considerata
557 2686 696 2746 inimicae
715 2706 843 2764 persona
861 2688 1015 2765 colligere,
1032 2691 1068 2746 ut
1086 2686 1195 2747 ideireo
1214 2707 1288 2766 pug-

219 2794 247 2836 re
268 2795 338 2836 nam
359 2777 459 2853 ipsam
480 2775 619 2836 rideatur
640 2776 805 2852 horruisse,
827 2797 864 2835 ne
882 2777 1027 2837 victorem
1049 2778 1183 2836 cerneret
1200 2797 1289 2852 quem

267 2886 322 2943 per
350 2865 469 2925 infinita
498 2869 635 2942 tempora
666 2867 756 2942 atque
785 2867 958 2925 innumeros
988 2884 1074 2925 easus
1104 2884 1163 2925 non
1192 2868 1290 2925 valuit

267 2973 415 3032 superare.
462 2957 492 3013 et
514 2955 570 3014 hoo
594 2973 714 3031 quoque
741 2954 902 3013 ridendum
929 2957 988 3030 est,
1014 2955 1100 3014 illam
1126 2956 1224 3031 ipsam
1246 2957 1289 3014 sie

268 3044 305 3104 de
328 3043 446 3103 Aeneae
470 3043 624 3120 Turnique
647 3043 784 3120 partibus
804 3043 901 3120 loqui,
923 3046 960 3103 ut
981 3045 1133 3121 praeferat
1155 3045 1289 3103 Turnum

268 3136 300 3194 et
321 3133 444 3193 Aenean
469 3133 573 3209 cupiat
600 3151 663 3192 esse
687 3133 844 3192 deiectum.
889 3152 981 3207 nuno,
1007 3132 1121 3210 inquit,
1150 3134 1290 3193 iuvenem

219 3241 248 3282 so
268 3221 424 3299 inparibus
453 3222 538 3281 video
566 3239 739 3281 concurrere
761 3223 831 3281 telis
854 3221 1076 3300 Parcarumque
1100 3223 1163 3282 dies
1191 3224 1221 3282 et
1243 3223 1288 3282 vis

266 3312 392 3373 inimica
410 3311 601 3388 propinquat.
636 3310 753 3371 iuvenis
776 3314 823 3371 est
844 3313 947 3371 noster
969 3315 1000 3371 et
1021 3313 1142 3389 poterat
1164 3310 1290 3395 vineere,

268 3402 295 3462 si
319 3400 424 3478 aequis
447 3403 537 3460 armis
561 3400 752 3460 conanderet
774 3403 829 3460 aut
849 3401 933 3460 nulla
950 3402 1104 3479 ingrueret
1125 3400 1222 3460 maior
1243 3401 1289 3460 vis

269 3494 323 3551 aut
345 3490 455 3550 ultima
477 3490 564 3549 illum
582 3489 647 3549 fata
669 3508 729 3549 non
747 3493 928 3565 premerent:
947 3493 1060 3566 quanta
1077 3490 1172 3551 virtus
1192 3489 1289 3550 dieen-

342 3718 376 3768 15
414 3713 483 3769 lueet
501 3713 648 3768 aanordio
661 3713 687 3766 V
705 3714 773 3768 miti
795 3713 929 3781 interpos.
949 3714 993 3768 ed.
1074 3720 1107 3768 16
1125 3713 1277 3784 poenas

267 3783 355 3843 ΜΨ
373 3815 387 3843 ,-
414 3785 432 3840 't
448 3783 492 3838 ed.
562 3789 594 3838 17
614 3788 731 3840 monus
744 3783 777 3838 V.
848 3790 881 3839 23
900 3786 956 3840 asta
969 3783 995 3839 V
1009 3785 1052 3839 ed.
1071 3787 1113 3840 tta
1132 3785 1175 3840 ed.
1190 3785 1261 3852 pust

269 3863 295 3914 et
312 3863 405 3912 tamen
417 3854 444 3910 V
458 3855 501 3910 ed.
521 3861 547 3911 et
565 3855 663 3911 delevi.
737 3861 772 3912 26
791 3854 910 3929 amuel
933 3874 969 3913 oa
986 3856 1035 3912 ed.
