3142 4375
558 532 560 538 .
655 481 905 538 essemosvn
1245 485 1288 552 97
1325 455 1327 460 ’

270 652 390 711 secutae
423 651 603 728 conplerint'
622 669 742 729 campos
775 654 868 711 acies:
904 652 934 711 et
965 669 1047 727 quae
1075 652 1153 711 acies
1184 671 1290 710 unum·

270 759 420 817 quemque
449 759 551 819 regem
580 742 698 802 secutae
728 740 933 817 conpleverint
959 740 1094 818 campos,
1121 759 1191 800 cum
1217 741 1292 801 dicit

269 829 488 906 conpleverint,
520 829 651 890 ostendit
684 829 935 889 inaestimabilem
965 828 1190 892 multitudinem
1221 848 1290 890 con·
1359 896 1361 899 ,

269 920 386 979 venisse
412 938 479 979 cum
503 917 633 997 regibus.
672 919 779 995 quibus
798 917 878 978 Itala
895 918 957 977 iam
974 920 1037 978 turn
1057 919 1193 979 floruerit
1210 921 1291 979 terra

237 1008 351 1068 salma
377 1010 464 1069 viris:
491 1026 586 1083 usque
616 1010 648 1067 in
676 1007 755 1067 illud
780 1007 896 1068 scilicet
922 1009 1041 1085 tempus
1070 1027 1130 1085 quo
1157 1010 1292 1084 partium

269 1098 441 1175 congressio
472 1096 650 1173 parabatur,
682 1098 749 1159 vult
778 1096 933 1157 ostendere
961 1096 1042 1157 bona
1069 1098 1178 1176 longae
1207 1100 1291 1175 pacis

269 1186 400 1248 nutrisse
433 1188 568 1264 egregios
600 1186 694 1261 viros,
729 1186 805 1245 belli
835 1188 936 1248 autem
966 1186 1081 1246 rabiem
1111 1186 1291 1263 perdidiss03

269 1274 379 1336 ideirco
416 1274 573 1336 subiunxit
605 1275 713 1352 quibus
746 1276 855 1335 arserit
887 1275 987 1335 armis.
1046 1278 1077 1336 et
1112 1277 1290 1336 meministis

270 1367 363 1440 enim,
395 1365 496 1439 divae,
528 1367 559 1423 et
589 1383 754 1424 memorare
785 1366 925 1441 potestis,
958 1364 996 1423 ad
1027 1383 1082 1425 nos
1112 1368 1163 1435 vix
1192 1367 1292 1426 tenuis

224 1471 251 1511 ιο
269 1453 369 1514 famae
397 1453 566 1530 perlabitur
595 1472 682 1514 aura:
719 1453 796 1514 dixit
824 1471 930 1514 causas
960 1453 1178 1531 deprecationis
1210 1472 1291 1530 suae,

268 1540 396 1618 idcirco,
418 1542 476 1619 ait,
497 1544 571 1602 haec
594 1562 718 1619 quaero,
743 1544 815 1620 quia
836 1544 940 1603 vetera
960 1544 1042 1603 solae
1059 1544 1185 1620 potestis
1204 1562 1290 1604 nosse

272 1648 308 1689 ac
329 1631 409 1691 solae
426 1650 562 1708 narrare;
586 1632 624 1691 ad
646 1633 781 1693 homines
800 1632 911 1709 quippe
929 1630 980 1691 vix
997 1632 1119 1709 aliquae
1137 1635 1291 1710 gestorum

269 1721 372 1796 partes
394 1720 454 1781 levi
476 1721 622 1780 relatione
642 1724 830 1797 perveniunt.
866 1721 1019 1799 catalogus
1037 1724 1094 1782 iste
1112 1722 1182 1781 huic
1200 1724 1291 1782 inter·

268 1808 474 1886 pretationem
496 1810 573 1869 libro
592 1829 652 1869 non
670 1811 770 1871 fuerat
787 1810 970 1871 inserendus.
1006 1810 1084 1871 nihil
1102 1811 1182 1869 enim
1198 1810 1292 1870 babet

223 1917 249 1958 is
269 1897 350 1975 quod
374 1899 534 1959 artificiose
556 1903 652 1976 possit
673 1901 795 1977 exponi3
813 1902 860 1960 est
877 1902 990 1977 quippe
1008 1898 1178 1959 nominibus
1195 1898 1291 1958 homi·

268 2006 350 2063 num,
368 1990 514 2066 gentium,
532 1989 702 2064 fluviorum,
721 1989 854 2063 deorum,
872 1991 1029 2063 terrarum,
1050 1990 1208 2063 montium,
1225 1989 1290 2048 her·

267 2075 390 2151 barum,
412 2079 648 2154 provinciarum,
671 2078 803 2137 fontium
824 2078 931 2155 plenus
954 2081 986 2138 εὴ
1007 2078 1143 2139 refertus.
1180 2080 1291 2152 tamen,

268 2184 307 2225 ne
330 2166 403 2243 quid
426 2166 503 2226 libro
527 2167 646 2244 decerpi
666 2167 818 2244 videatur,
844 2167 974 2228 dicemus
1002 2167 1118 2246 aliqua,
1147 2164 1289 2245 [reliqua]

269 2258 332 2316 eius
356 2275 416 2315 uno
438 2256 529 2332 libro,
552 2259 605 2333 qui
628 2258 734 2318 tertius
753 2257 886 2317 decimus
906 2260 975 2332 erit,
994 2276 1063 2316 oum
1080 2261 1173 2318 totius
1193 2260 1291 2335 operis

223 2363 250 2403 so
269 2346 464 2422 conplexione
487 2346 610 2421 dicturi,
633 2349 670 2406 ut
691 2346 835 2407 historiae
853 2367 907 2423 per
925 2347 1080 2406 duodecim
1097 2347 1188 2407 libros
1207 2366 1290 2423 spar-

270 2451 322 2493 sae
342 2437 376 2496 ct
398 2437 510 2511 cetera,
533 2454 609 2512 quae
633 2454 723 2511 supra
746 2435 828 2496 dicta
850 2455 911 2494 non
934 2437 1017 2511 sunt,
1035 2435 1151 2512 possint
1171 2436 1290 2497 eviden-

269 2526 318 2583 ter
340 2542 492 2600 apparere.

340 2613 463 2672 Prinne
483 2615 540 2672 lnll
562 2614 668 2672 bellnm
686 2614 847 2688 Tprrllenls
870 2630 957 2686 asper
980 2614 1018 2672 ab
1036 2614 1097 2672 erle
1116 2617 1290 2686 contemplor

269 2700 372 2760 dicem
393 2703 573 2762 Mezentius:
603 2702 670 2762 ideo
697 2705 827 2779 primus,
855 2705 928 2778 quia
951 2721 1051 2778 asper,
1073 2703 1141 2762 ideo
1164 2703 1292 2779 primus,

223 2807 249 2848 ao
268 2789 344 2867 quia
364 2792 551 2868 contemptor
570 2792 701 2865 deorum,
720 2791 841 2850 illorum
860 2792 974 2852 scilicet
992 2791 1099 2868 quibus
1119 2790 1289 2851 auctoribus

267 2879 387 2939 Aeneas
411 2880 450 2939 ad
473 2881 596 2940 Italiam
618 2881 702 2940 venit
724 2883 755 2940 εὴ
777 2882 806 2939 ei
828 2880 972 2941 Laviniae
995 2881 1170 2958 coniugium
1190 2880 1290 2940 fuerat

267 2967 462 3028 destinatim.
508 2971 683 3044 epmlnuqne
713 2974 812 3029 armet
839 2970 922 3042 filins
950 2970 1018 3028 bnlc
1046 2971 1130 3028 innlc
1152 2969 1290 3029 Lensns:

266 3055 406 3118 imitatus
425 3058 558 3118 studium
575 3061 670 3136 patris
689 3060 781 3118 etiam
795 3059 912 3119 Lausus
931 3061 1048 3118 armata
1066 3058 1188 3136 agmina
1202 3057 1290 3118 duce-

266 3145 323 3205 bat
345 3147 384 3206 ad
406 3147 532 3223 bellum3
555 3167 623 3207 cum
644 3167 704 3207 non
723 3148 798 3207 dicit
816 3151 943 3225 quanta,
961 3148 1051 3225 plura
1069 3148 1167 3208 voluit
1185 3149 1290 3207 sentiri

223 3252 249 3292 eo
268 3253 363 3311 quam
389 3236 520 3296 fuerant.
565 3254 620 3310 qno
641 3237 794 3311 pulchrior
817 3238 890 3297 oller
912 3237 1052 3310 nonfuit
1074 3241 1187 3310 excepto
1205 3237 1351 3297 Lanato

267 3325 360 3384 rantis
379 3333 499 3400 corpore
511 3326 622 3385 anne':
638 3328 671 3384 in
689 3328 900 3403 conparatione
918 3327 1037 3403 pulchri
1051 3327 1182 3402 corporis
1196 3346 1290 3385 unum

267 3414 414 3491 praetulit
434 3413 548 3490 Lause,
575 3417 747 3492 postposuit
775 3418 875 3475 autem
903 3414 998 3475 omnis
1020 3414 1125 3474 Italos.
1166 3415 1289 3475 Lansns

341 3589 356 3638 1
385 3585 542 3654 conplerenl
564 3584 590 3638 V
615 3602 684 3638 corr.
711 3584 755 3640 ed.
789 3585 795 3669 l
828 3590 930 3641 el-3
953 3587 1137 3654 conpleverint
1164 3600 1216 3637 om.
1243 3583 1288 3639 ed.

268 3661 286 3709 4
304 3656 388 3711 italic
405 3655 439 3710 V.
461 3657 465 3727 Ι
485 3658 543 3710 laen
556 3656 582 3710 V
597 3662 705 3711 lantnm
719 3656 762 3711 ed.
782 3675 841 3712 eane
859 3663 917 3712 tnm
935 3673 993 3709 nos.
1051 3663 1083 3712 15
1098 3664 1190 3726 posset
1203 3652 1229 3709 V
1243 3655 1287 3709 ed.

269 3731 302 3781 ll
323 3743 357 3782 oc
373 3726 493 3794 fontium
512 3728 555 3782 ed.
585 3728 588 3800 l
615 3733 738 3795 repertus
756 3728 789 3782 V.
863 3734 896 3782 18
914 3729 1022 3797 reliqna
1040 3726 1133 3782 om.V
1156 3727 1306 3792 adspiret

267 3799 328 3854 nne
354 3798 474 3854 inseruit
501 3816 526 3854 v.
546 3799 573 3852 d.
594 3799 708 3855 Hoeven
736 3816 764 3870 p.
786 3804 829 3858 36.
913 3806 950 3856 m
977 3806 1095 3872 possent
1111 3798 1139 3853 V
1172 3812 1250 3852 corr.
1270 3791 1325 3844 ed.

268 3873 304 3924 28
321 3875 430 3925 amara
447 3886 500 3924 om.
520 3870 564 3927 ed.
649 3928 650 3931 ,

302 3972 362 4013 Dom
371 3972 469 4023 interpr.
480 3977 548 4029 verr.
564 3981 610 4023 vol.
620 3983 655 4025 11
1157 3982 1177 4030 Ἶ
