3142 4375
653 496 837 551 manicos
856 496 908 550 nn
1225 499 1291 565 633

270 664 358 724 malis
382 666 486 725 contra
509 669 586 740 qnae
615 666 763 723 maximus
793 664 879 725 labor
907 668 954 725 est
976 668 1007 725 et
1036 666 1138 725 nullus
1161 666 1292 726 effectus.

270 754 421 814 subnectit
448 754 663 830 apostropham
691 753 723 813 in
746 773 807 831 qua
834 754 950 830 plenius
980 754 1074 813 animi
1103 756 1150 814 sui
1175 754 1291 815 dolores

270 844 405 921 exponit:
432 844 495 902 iam
511 844 574 902 lam
596 843 695 917 llaqao
713 842 804 912 acies,
827 860 865 902 ae
882 860 928 902 me
945 848 1046 903 terrete
1064 845 1220 913 timentem,
1244 846 1354 910 oli-sss

269 950 374 992 scenae
400 932 543 1001 vomeres,
573 932 693 991 alarcaa
718 933 840 991 verbera
866 949 953 992 nosco
980 933 1148 1008 letalemque
1174 950 1293 993 soctan:

236 1022 414 1098 oquoniam
436 1021 501 1081 sola
528 1020 677 1081 nuntiatis
704 1021 830 1082 adversa
858 1024 889 1080 et
914 1021 986 1081 novi
1013 1021 1087 1100 quid
1113 1025 1212 1083 vester
1242 1024 1292 1083 ad-

269 1113 377 1172 ventus
401 1110 552 1185 ostendat,
575 1110 718 1169 obscenae
741 1110 892 1185 volucres,
921 1111 1059 1187 relinquo
1083 1111 1160 1171 acies
1184 1113 1293 1188 quibus

270 1199 416 1276 opitulari
429 1218 489 1258 non
507 1217 644 1275 possum:
662 1199 804 1278 intellego
824 1199 898 1275 qnid
910 1200 1050 1276 infaustis
1069 1200 1187 1260 alarum
1205 1203 1293 1261 moti·

268 1290 325 1348 bus
348 1288 422 1348 meis
445 1288 589 1349 nuntietis
612 1288 822 1367 incommodis„
853 1306 905 1348 nec
926 1290 1038 1362 fallant
1058 1290 1143 1349 lassa
1165 1292 1293 1364 asperba

268 1378 456 1452 mapaaae'mi
482 1378 579 1437 Iocis:
607 1378 678 1437 baec
701 1396 758 1451 pro
785 1378 953 1452 airqinilale
979 1380 1112 1453 reporto?
1148 1397 1209 1438 non
1236 1400 1293 1454 me,

223 1484 249 1525 ro
268 1467 379 1543 inquit,
396 1466 478 1527 fallit
496 1465 640 1543 quicquid
652 1466 790 1544 Iuppiter
802 1467 895 1539 iubet,
913 1470 1013 1528 totum
1032 1470 1101 1527 ante
1118 1468 1293 1544 praevideo:

268 1558 326 1615 hoc
344 1558 390 1615 est
407 1556 576 1632 praemium
593 1556 674 1632 qnod
691 1556 765 1615 mihi
784 1575 839 1633 pro
858 1559 960 1633 erepto
979 1556 1163 1635 virginitatis
1180 1558 1293 1617 honore

269 1646 412 1721 contulit,
434 1648 470 1705 ut
491 1648 561 1705 ante
578 1646 700 1723 lugeam
717 1645 842 1704 fratrem
861 1665 951 1722 qnam
969 1646 1052 1706 illius
1070 1648 1166 1706 vitam
1183 1647 1292 1708 ultima

268 1736 335 1794 fata
353 1735 542 1795 concludant.
575 1752 630 1809 qao
648 1736 740 1793 adasa
757 1735 837 1793 aeda
854 1736 1023 1794 adernam?
1046 1753 1100 1795 car
1118 1738 1220 1795 mortis
1239 1736 1291 1796 ad·

268 1828 366 1897 empta
389 1829 431 1884 est
453 1824 601 1884 madata?
619 1840 737 1896 possem
759 1827 855 1883 lanas
871 1824 960 1896 finire
982 1824 1095 1884 dolores
1117 1843 1197 1885 acac
1219 1830 1293 1885 certe
1301 1841 1354 1891 880

223 1927 248 1969 io
269 1917 296 1972 el
317 1915 423 1973 misero
441 1914 532 1986 fratri
549 1930 642 1972 eomes
659 1914 703 1972 ire
719 1929 773 1986 per
789 1914 927 1972 madeas:
947 1913 980 1971 in
999 1914 1182 1973 contrarium
1200 1914 1292 1975 vertit

269 2002 352 2079 quod
374 2002 450 2061 mihi
467 2022 522 2078 pro
540 2021 662 2061 munere
680 2001 881 2078 beneficioque
899 2020 1070 2062 concessum
1089 2006 1147 2078 est,
1171 2004 1290 2080 qnando

268 2109 323 2150 nec
341 2091 430 2150 fratri
452 2091 608 2152 subvenire
626 2094 662 2150 ut
680 2092 850 2151 inmortalis
868 2109 991 2168 possum
1010 2111 1065 2151 nec
1082 2093 1205 2151 interire
1223 2110 1292 2151 cum

268 2181 363 2241 fratre
387 2200 464 2259 quae
488 2200 554 2240 snm
575 2181 650 2240 nata
671 2181 817 2242 mortalis.
858 2180 1015 2240 finirentur
1037 2182 1150 2260 quippe
1174 2182 1291 2243 dolores

267 2272 329 2330 mei
352 2273 383 2330 et
406 2270 550 2346 quicquid
572 2271 706 2330 animum
727 2271 842 2330 cruciat
864 2270 999 2330 condicio
1021 2272 1128 2332 mortis
1150 2273 1291 2347 auferret,

223 2375 249 2416 eo
268 2362 347 2420 certe
364 2359 441 2418 irem
459 2360 498 2418 ad
515 2360 666 2419 infernam
683 2362 799 2437 pariter
816 2363 848 2420 et
860 2360 975 2420 sociata
993 2361 1082 2420 fratri
1100 2363 1183 2421 sedes
1202 2361 1293 2421 Erebi

267 2449 398 2508 libenter
415 2448 596 2526 adpeterem.
630 2450 691 2508 alia
710 2451 894 2526 apostropha
912 2451 1063 2526 adipsum
1081 2452 1205 2511 statem
1223 2469 1292 2510 cnm

267 2537 434 2617 necessaria
457 2539 676 2615 propositione:
698 2539 864 2598 inmortalis
884 2541 950 2614 epo!
976 2540 1159 2615 inmortalis,
1181 2539 1290 2615 inquit,

268 2627 364 2702 dicor,
393 2626 462 2686 inde
485 2627 590 2686 infelix
613 2628 691 2687 unde
718 2647 765 2685 me
788 2628 909 2687 beatam
935 2628 1109 2688 existimant
1134 2628 1200 2702 alii,
1229 2647 1290 2688 non

267 2719 364 2776 honor
382 2719 428 2776 est
445 2716 512 2791 iste,
531 2716 583 2776 sed
600 2735 704 2792 poena.
732 2719 785 2775 act
798 2718 953 2790 quiequam
969 2718 1043 2776 mili
1060 2718 1143 2776 dulce
1160 2733 1290 2776 meorum

223 2819 248 2862 rs
267 2807 383 2876 testae,
402 2809 505 2881 frater,
520 2807 594 2864 erit?
617 2805 705 2882 quasi
720 2805 840 2864 demum
856 2805 931 2864 mihi
949 2806 1066 2883 aliquid
1085 2807 1170 2865 dulce
1189 2824 1289 2883 super-

267 2896 406 2955 futurum
429 2896 484 2969 sit,
512 2913 578 2954 cum
601 2895 682 2954 inter
703 2894 781 2953 bona
809 2913 876 2953 mea
902 2915 963 2954 non
985 2895 1078 2954 luerit
1099 2894 1290 2955 incolumitas

267 2987 330 3044 tua.
366 3002 383 3043 o
406 3001 481 3057 qaae
503 2985 577 3043 satis
598 2984 661 3043 ima
683 2984 813 3043 dehiscat
834 2988 913 3042 terra
935 2985 1007 3043 endi
1028 2985 1182 3058 manupae
1204 2985 1290 3043 deam

267 3073 399 3133 aemilia
422 3074 463 3132 acl
488 3074 582 3132 imos?
612 3075 703 3149 atque
729 3074 848 3132 utinam
877 3074 981 3132 contra
1003 3073 1175 3133 istiusmodi
1203 3073 1290 3132 bene·

341 3249 356 3296 3
383 3244 530 3298 obscoenae
550 3243 575 3296 V
599 3242 679 3313 (alibi
705 3245 851 3312 obscenae).
925 3244 1092 3311 buconiam
1109 3242 1135 3296 V
1158 3244 1290 3312 qumaodo

268 3314 312 3369 ed.
341 3314 344 3386 l
375 3313 689 3383 etaoaiqac'dVaoaa'
707 3315 818 3384 etquid
836 3314 879 3369 ed.
953 3319 968 3367 9
991 3320 1096 3383 reperto
1113 3313 1140 3367 V
1161 3330 1228 3384 ergo
1248 3332 1290 3369 re·

264 3390 346 3456 porto
364 3387 397 3439 ut
416 3384 438 3440 Ο
458 3385 558 3454 scripsi
575 3388 683 3454 reponit
696 3386 723 3438 Η
737 3386 779 3440 ed.
800 3388 830 3440 et
847 3385 931 3455 Verg.
950 3384 1018 3439 libri
1035 3385 1151 3453 interpr.
1172 3384 1290 3439 dubium

267 3457 411 3525 relinquit.
472 3462 505 3511 10
521 3458 686 3526 praesidebo
705 3456 785 3512 Oed.
845 3463 877 3510 11
893 3475 945 3525 per
962 3457 1182 3526 iadipaatioaem
1199 3459 1291 3525 inquit

266 3530 333 3598 post
349 3530 506 3597 praemium
528 3528 648 3583 inseruit
670 3528 714 3582 ed.
738 3545 795 3582 non
813 3527 901 3582 habet
914 3527 940 3581 V
958 3544 1010 3582 nec
1028 3526 1088 3582 ΗΟ.
1162 3531 1196 3580 19
1219 3535 1245 3582 et
1264 3527 1290 3581 V

265 3605 299 3656 at
323 3599 368 3653 ed.
445 3605 480 3654 20
503 3601 643 3668 infernam
663 3599 689 3653 V
712 3617 797 3655 -aam
823 3617 873 3654 nos
898 3617 956 3654 ·aa
978 3599 1021 3654 ed.
1052 3599 1055 3670 1
1087 3600 1196 3667 pariter
1218 3605 1244 3654 et
1264 3598 1290 3650 V

261 3670 399 3742 posted.
429 3671 432 3741 Ι
467 3672 543 3727 sedes
560 3671 586 3725 V
604 3678 629 3726 et
646 3688 667 3725 s.
687 3670 730 3724 ed.
761 3671 764 3742 l
800 3673 872 3726 erebi
893 3671 917 3722 V
939 3671 1047 3738 inferas
1069 3669 1113 3724 ed.
1186 3675 1221 3723 24
1243 3670 1289 3724 bo

266 3758 348 3798 aeres
360 3741 387 3795 V
403 3743 490 3798 bonor
508 3749 548 3798 est
566 3759 634 3797 corr.
654 3742 697 3797 ed.
720 3741 738 3866 A
764 3743 834 3797 baut
851 3741 877 3794 V
893 3742 947 3808 ed,
966 3741 1015 3797 sed
1034 3742 1116 3810 quasi
1133 3741 1241 3796 ἀοιιιιιιη
1258 3740 1289 3794 in

266 3815 384 3881 interpr.
403 3813 441 3868 ad
463 3821 514 3869 cat
535 3813 672 3868 inclinare
690 3813 718 3867 vi
740 3815 810 3868 etur.
883 3819 917 3867 26
940 3814 977 3868 sit
1000 3830 1053 3869 om.
1075 3813 1120 3868 ed.
1150 3813 1160 3882 t
1188 3811 1291 3865 iacob

266 3887 351 3941 enims
363 3883 390 3938 V
407 3885 584 3942 commoditas
602 3884 645 3940 ed.
719 3888 755 3941 28
774 3884 937 3943 dimittatV
955 3883 1004 3940 ed.
