3142 4375
666 516 850 572 AENEIDOS
864 516 917 572 VH
1259 518 1303 585 35

282 685 402 746 nomine
423 685 574 762 Dardani,
602 706 692 764 quem
714 684 841 745 Latinus
868 689 1003 746 veterum
1030 685 1142 745 fabulis
1169 684 1302 763 recogni-

281 779 347 835 tum
368 775 507 836 habuisse
530 778 657 835 testatus
681 778 739 851 est,
762 774 815 834 sed
836 775 965 835 strictim
986 775 1105 835 transit.
1146 793 1214 834 cum
1231 793 1302 833 vero

280 864 412 925 venisset
440 866 479 924 ad
505 884 615 924 nomen
641 865 719 944 regis
748 864 809 938 sui,
837 884 926 939 quem
952 865 1059 941 procul
1084 864 1175 923 dubio
1198 863 1303 923 ceteris

280 954 434 1014 meliorem
456 954 562 1014 debuit
583 953 800 1029 demonstrare,
824 955 871 1013 ait
892 972 944 1012 rex
964 953 1030 1030 ipse
1052 953 1133 1014 Iovis
1156 953 1192 1011 de
1214 955 1304 1030 gente

251 1062 434 1121 ssuprema:
480 1062 651 1121 supremam
683 1044 725 1102 sic
755 1043 844 1117 dixit,
880 1043 1030 1119 quomodo
1063 1044 1109 1101 ait
1140 1035 1213 1123 (49)
1246 1044 1303 1117 „tu

281 1135 438 1212 sanguinis
481 1134 606 1191 ultimus
650 1129 785 1207 auctor“,
822 1134 857 1191 ut
892 1133 1114 1191 enumeratione
1154 1130 1303 1189 maiorum

280 1222 345 1300 ipse
374 1223 514 1284 videatur
544 1222 577 1281 in
606 1221 673 1279 fine.
719 1222 931 1298 proximiorem
955 1224 1057 1280 tamen
1080 1220 1158 1279 dixit
1179 1220 1303 1279 Aenean

280 1312 348 1372 Iovi
369 1331 462 1387 quam
491 1314 618 1384 ceteros,
645 1310 788 1386 quoniam
815 1329 908 1387 nepos
935 1310 1003 1369 fuit.
1050 1311 1158 1369 Troius
1184 1308 1303 1368 Aemus

281 1406 334 1461 tuo
355 1418 410 1459 uos
434 1401 474 1459 od
497 1400 601 1458 timiuo
623 1401 719 1459 misit:
751 1398 854 1458 debuit
875 1401 932 1459 hoo
954 1400 1020 1459 loco
1044 1398 1185 1477 subiungi
1212 1417 1303 1457 cauea

237 1512 263 1552 ro
281 1492 405 1567 propter
428 1508 521 1566 quam
538 1489 622 1549 missi
644 1488 837 1563 videbantur,
861 1489 912 1547 sed
935 1507 1056 1547 oausam
1075 1507 1184 1548 causae
1205 1488 1302 1564 primo

282 1578 421 1653 subiecit,
450 1581 486 1637 ut
512 1580 672 1655 procurata
698 1577 890 1638 miseratione
918 1578 1037 1637 facilius
1066 1576 1147 1653 quod
1176 1576 1303 1653 optabat

282 1668 408 1727 eliceret.
453 1667 562 1727 idcirco
595 1666 691 1727 dilata
722 1669 870 1744 petitione
902 1666 1063 1726 subnexuit
1112 1670 1223 1739 quauta
1247 1684 1303 1739 per

281 1756 390 1815 Idoeos
408 1758 505 1815 saeuis
523 1759 617 1830 effuso
635 1757 772 1831 Mpceuis
791 1760 944 1830 tenpestas
962 1757 1029 1814 ierit
1046 1772 1177 1828 campos,
1197 1757 1302 1827 quibus

283 1849 365 1904 octus
385 1850 504 1919 uterque
525 1846 667 1920 Europae
691 1850 776 1919 atque
799 1843 893 1905 Asiae
918 1846 992 1918 fotis
1019 1845 1197 1903 concurrerit
1223 1845 1302 1903 orbis

237 1953 263 1994 15
282 1935 377 1994 audiit
399 1939 425 1994 et
445 1936 557 2008 siquem
583 1936 669 1994 teitus
697 1938 825 1994 ectremo
851 1936 950 2008 refuso
978 1936 1126 1993 submovet
1147 1950 1253 1991 oceouo
1277 1937 1364 1995 erens

280 2025 391 2097 siquem
402 2029 515 2084 eetmtu
538 2025 701 2098 ptoporum
731 2028 868 2097 quattuor
893 2025 926 2082 iu
953 2024 1047 2082 medio
1074 2024 1187 2081 dirimit
1209 2022 1303 2095 ptopo

279 2114 356 2173 Solis
382 2115 493 2187 miqui:
521 2132 598 2190 quae
623 2113 779 2173 calamitas
808 2114 958 2192 oppressit
984 2112 1107 2171 Troiam
1134 2131 1169 2171 ex
1199 2111 1301 2169 ordine

279 2204 380 2262 fuerat
401 2204 603 2279 referendum,
625 2205 660 2262 ut
683 2207 785 2281 posset
807 2223 844 2261 ex
866 2202 949 2262 duris
971 2202 1165 2278 adversisque
1187 2202 1302 2262 moveri

279 2293 442 2369 miseratio,
461 2292 513 2352 sed
531 2292 727 2352 removendae
746 2293 867 2351 fuerant
885 2311 995 2367 morae,
1013 2293 1048 2349 ut
1065 2297 1182 2350 mature
1200 2293 1303 2366 posset

236 2400 262 2439 so
281 2383 402 2440 effeetus
415 2383 575 2460 legationis
588 2381 707 2459 inpleri.
730 2384 889 2457 utramque
902 2381 997 2460 igitur
1014 2383 1163 2458 temperat
1175 2383 1301 2456 partem,

281 2473 316 2528 ut
342 2472 450 2548 tangat
475 2473 550 2529 haec
577 2490 632 2530 nec
659 2473 761 2530 tamen
788 2471 821 2527 in
847 2472 922 2547 ipsis
950 2470 1065 2529 diutius
1094 2472 1301 2543 commoretur,

281 2577 354 2617 usus
378 2560 542 2636 conpendio
564 2559 720 2620 relationis
743 2562 774 2619 et
796 2578 830 2618 eo
855 2579 915 2637 quo
937 2561 1082 2619 maiorem
1099 2558 1300 2617 miserationis

281 2650 412 2706 moveret
435 2649 598 2724 adfectum3
622 2649 765 2726 quioquid
789 2651 869 2707 enim
891 2669 952 2707 non
973 2651 1054 2708 tacet
1071 2648 1154 2705 fama
1172 2651 1203 2705 et
1221 2646 1301 2722 quod

281 2735 321 2794 ad
335 2736 410 2795 caeli
426 2756 521 2814 usque
540 2740 635 2815 partis
655 2740 685 2797 et
706 2739 789 2797 ultra
811 2757 954 2797 oceanum
971 2738 1084 2814 perfert
1102 2738 1221 2795 constat
1238 2753 1301 2794 esse

234 2844 261 2885 as
281 2825 487 2902 durissimum,
514 2827 593 2887 bona
621 2827 734 2904 quippe
762 2827 810 2886 vel
840 2828 967 2886 adversa
993 2846 1048 2902 pro
1077 2827 1225 2902 qualitate
1254 2825 1302 2883 sui

279 2913 393 2973 habent
424 2915 536 2974 famam
567 2919 598 2976 et
628 2917 727 2994 magis
758 2916 840 2974 mala
873 2934 964 2993 quam
994 2915 1082 2974 bona.
1129 2914 1174 2972 ait
1205 2914 1301 2990 igitur

279 3003 413 3062 Ilioneus
444 3004 516 3078 quid
545 3009 680 3081 repetam
706 3007 877 3064 nostrorum
899 3005 1048 3063 malorum
1075 3006 1205 3075 textum,
1232 3021 1301 3061 oum

279 3093 469 3169 tempestatis
508 3092 591 3154 illius
631 3093 808 3153 violentiam
851 3093 1102 3169 acerbitatemque
1144 3092 1301 3150 infandam

278 3183 361 3240 fama
378 3182 525 3242 referente
543 3183 689 3243 confidam
712 3183 773 3242 tuis
797 3183 920 3242 auribus
944 3183 1108 3260 cognitam,
1132 3200 1200 3240 oum
1223 3182 1300 3240 hanc

230 3290 260 3330 eo
279 3271 318 3330 ad
341 3272 430 3330 finem
458 3289 576 3348 quoque
606 3273 710 3331 mundi
737 3275 768 3331 et
794 3273 876 3332 ultra
903 3271 1034 3331 siderum
1061 3274 1156 3331 metas
1180 3270 1300 3330 credam

350 3483 367 3532 8
385 3495 469 3547 mpos
481 3476 508 3531 V
521 3479 597 3532 Iouis
610 3495 637 3532 u.
653 3478 696 3533 ed.
755 3482 789 3532 10
807 3478 971 3533 videbantur
984 3475 1010 3530 V
1027 3477 1141 3543 sueram
1153 3477 1238 3531 HOU
1255 3476 1299 3530 ed.

279 3555 313 3603 12
332 3548 482 3619 cleperetV
501 3551 610 3619 eligeret
627 3550 670 3604 ed.
690 3551 797 3605 eliceret
813 3566 872 3603 noe.
924 3554 957 3603 15
976 3550 1094 3617 sicquem
1113 3551 1153 3617 (et
1166 3549 1251 3612 infra)
1266 3548 1299 3602 V.

279 3626 312 3675 17
332 3619 504 3690 oppressitV
522 3623 686 3690 oppresserit
703 3621 746 3677 ed.
804 3626 837 3675 18
851 3623 940 3689 possit
955 3619 977 3672 V
991 3626 1085 3689 posset
1102 3621 1145 3674 ed.
1201 3626 1300 3674 2418-

278 3709 330 3762 que
348 3691 373 3746 V
391 3694 433 3747 eet
452 3693 500 3761 qui
517 3691 604 3747 HOU
623 3709 676 3747 om.
692 3692 735 3746 ed.
758 3691 923 3765 lpufemV
937 3693 1079 3761 perfertur
1096 3691 1144 3744 ed.
1197 3696 1238 3743 ‘ab
1259 3693 1314 3740 doe

277 3764 418 3819 murnum
435 3762 462 3817 V
479 3765 667 3832 firmissimum
690 3763 733 3818 ed.
764 3763 768 3836 t
797 3762 886 3820 suiV
911 3780 967 3820 suo
987 3764 1035 3820 ed.
1108 3768 1147 3816 ‘t't
1166 3753 1325 3815 ccmuu‘t

277 3841 433 3958 empeetpm
459 3837 502 3905 (ut
523 3835 604 3905 solet)
630 3835 674 3893 ed.
749 3841 783 3894 29
811 3855 876 3896 cum
899 3839 979 3896 huuc
1003 3838 1046 3895 od
1067 3831 1200 3907 tuemV
1230 3831 1358 3880 semera

276 3922 343 3958 mu,
363 3921 403 3959 e.

1164 4007 1204 4048 ιχ*
