3142 4375
651 478 836 534 lusuroos
849 478 902 533 vu
926 467 928 472 ‘
1243 479 1284 549 73'

268 643 314 732 (5,
329 641 409 729 348)
437 646 490 726 qui
515 645 639 708 iuvenes
666 647 789 707 fuerunt
815 646 890 708 dicti
911 636 974 707 sint
995 649 1083 725 pueri
1103 650 1161 729 hoc
1182 648 1285 709 moder

268 741 399 815 „vestra‚
421 736 534 815 inquit,
556 755 682 796 munera
700 736 784 796 vobis
803 739 885 797 certa
902 740 1038 813 manent,
1060 737 1178 815 pueri“.
1215 759 1285 817 ergo

267 846 373 889 cervus
409 848 463 903 per
499 826 665 902 Tyrrhidae
701 845 810 903 pueros
847 827 984 904 pervenit
1020 827 1141 887 domum
1177 826 1287 904 Tyrrhi

267 918 390 977 maioris
417 915 520 993 ibique
546 915 737 975 nutriebatur
764 916 855 979 interv
874 916 952 976 filios
984 915 1061 992 eius,
1096 937 1155 977 non
1188 918 1287 976 solum

233 1009 370 1069 sautem
393 1005 473 1065 natis
501 1004 616 1063 domini
643 1004 780 1065 amabilis
808 1006 921 1080 factus,
949 1025 1052 1064 verum
1075 1005 1188 1082 stipsi
1210 1007 1287 1083 seni3

268 1096 366 1156 solent
383 1095 496 1172 quippe
510 1096 650 1171 parentes
665 1094 789 1172 diligere
808 1114 886 1171 quae
905 1113 1006 1154 amare
1024 1094 1155 1155 viderint
1176 1095 1287 1156 liberos

268 1204 346 1248 suos
392 1185 440 1244 cui
467 1184 551 1258 reple
573 1187 684 1257 parerat
711 1188 846 1242 armentu
875 1188 902 1242 et
930 1184 988 1243 late
1017 1185 1150 1244 custodio
1178 1186 1288 1244 credito

268 1276 379 1348 compi:
397 1273 621 1334 commendatus
635 1274 681 1332 est
695 1291 798 1333 cervus
811 1275 930 1332 retenta
942 1273 1065 1332 interim
1078 1278 1165 1351 parte
1179 1274 1288 1348 laudis,

268 1384 359 1441 quam
394 1365 465 1440 post
500 1362 705 1422 demonstrata
738 1362 849 1439 Tyrrhi
883 1362 992 1421 merita
1027 1365 1138 1439 posuit.
1183 1363 1289 1422 debuit

223 1475 248 1515 ro
267 1453 348 1513 enim
365 1452 430 1530 ipse
449 1450 566 1511 ostendi
584 1452 632 1510 vel
649 1452 779 1510 maxime
797 1451 830 1509 in
848 1470 907 1527 quo
926 1453 1008 1528 apud
1025 1472 1127 1531 regam
1144 1450 1288 1511 Latinum

267 1542 375 1600 merito
398 1540 519 1613 fuisset,
549 1541 602 1615 qui
629 1539 788 1600 videbatur
815 1540 848 1599 in
876 1541 956 1600 cervi
983 1542 1191 1600 vulneratione
1218 1560 1287 1600 con·

268 1632 412 1706 tcmptus.
458 1628 580 1705 dignus,
604 1628 717 1706 inquit,
746 1631 887 1690 inventus
917 1632 964 1690 est
992 1631 1042 1689 cui
1070 1649 1122 1689 rex
1152 1633 1288 1688 armenta

270 1736 327 1778 sua
345 1735 524 1794 camposque
542 1720 748 1778 committeret.
786 1719 894 1796 quanti
910 1718 1006 1796 igitur
1025 1718 1127 1777 meriti
1143 1718 1202 1777 fuit
1219 1738 1287 1794 pro·

270 1809 391 1866 curator
411 1807 504 1885 regis!
537 1806 622 1867 cuius
640 1806 773 1867 satiandi
790 1826 882 1867 causa
895 1807 1049 1886 Vergilius
1067 1826 1122 1867 uec
1140 1810 1288 1866 armento-

223 1916 250 1958 rs
269 1916 337 1955 rum
364 1916 521 1955 numerum
549 1914 604 1956 nec
635 1915 810 1972 camporum
841 1897 963 1955 modum
994 1896 1091 1957 voluit
1123 1896 1288 1975 designare,

269 1988 305 2045 ut
326 1988 471 2045 rectorem
492 1985 580 2044 illum
602 1986 725 2045 maioris
749 2004 855 2045 census
882 1985 936 2045 sub
964 1987 1162 2064 generalitate
1190 1988 1288 2045 osten-

269 2075 361 2135 deret.
390 2074 499 2134 melius
514 2077 614 2133 autem
629 2077 675 2133 est
687 2077 812 2152 propter
824 2076 1035 2135 cumulandam
1049 2076 1170 2135 laudem
1179 2076 1303 2151 Tyrrhi
1347 2098 1349 2101 ⁴

269 2161 375 2240 „late“
397 2163 593 2242 pronuntiare
613 2182 705 2239 quam
722 2163 837 2240 „lati“r
859 2165 892 2223 in
910 2164 1071 2225 latitudine
1093 2166 1173 2225 enim
1190 2166 1289 2225 multa

269 2253 412 2331 specialia
429 2253 566 2331 intellegi
578 2256 714 2329 possunt,
732 2274 769 2313 nc
787 2273 864 2313 unus
883 2273 1005 2330 campus
1019 2255 1137 2314 minuat
1154 2255 1289 2315 studium

223 2363 251 2403 eo
269 2342 473 2420 praeferentis.
519 2345 551 2401 in
575 2343 778 2419 appellatione
801 2343 900 2420 campi
924 2344 1111 2404 continuatio
1138 2344 1288 2423 intellegi-

269 2435 323 2490 tur
354 2434 385 2491 et
411 2451 472 2491 una
501 2431 657 2507 planities3
680 2433 706 2491 si
733 2432 813 2491 enim
843 2451 1017 2509 camporum
1047 2434 1169 2509 diceret,
1196 2435 1288 2493 inter·

270 2521 385 2597 positos
409 2520 593 2599 significaret
614 2522 725 2581 montis
754 2524 808 2580 aut
834 2523 980 2598 tumulos,
1009 2522 1062 2598 qui
1083 2522 1153 2581 inde
1175 2525 1288 2583 multos

270 2629 392 2686 campos
415 2610 574 2669 efficerent.
618 2611 710 2670 rediit
737 2612 776 2670 ad
804 2612 896 2670 aliam
925 2613 1042 2689 partem
1069 2612 1169 2670 laudis
1195 2614 1289 2688 cervi3

269 2719 341 2758 nam
355 2700 392 2759 ab
411 2699 555 2776 hisquae
575 2701 744 2760 communia
763 2703 836 2760 sunt
854 2700 986 2758 omnium
1006 2719 1161 2761 cervorum
1179 2702 1290 2761 transit

225 2807 251 2847 rs
270 2789 310 2847 ad
342 2807 378 2848 ea
410 2808 487 2864 quae
518 2790 642 2865 propria
673 2790 770 2865 ipsius
800 2791 936 2865 fireruut3
971 2790 1082 2866 quippe
1113 2790 1203 2848 multi
1235 2791 1289 2848 alii

268 2878 395 2953 reperiri
417 2881 581 2955 potuerunt
605 2882 636 2938 et
664 2879 792 2957 grandes
816 2882 847 2938 et
874 2878 1011 2938 cornibus
1038 2880 1113 2938 satis
1141 2897 1288 2954 superque

269 2965 421 3027 sublimes.
460 2968 614 3026 adsuetum
635 2969 768 3042 imperiis
791 2985 875 3027 soror
892 2969 972 3027 omni
988 2967 1084 3026 Siluia
1106 2985 1179 3026 euro
1196 2968 1289 3026 molli-

270 3057 325 3115 bus
346 3057 478 3114 luterens
500 3058 627 3115 meabat
648 3075 759 3116 emeca
782 3059 868 3116 sertis
885 3057 1071 3129 pectebatque
1087 3059 1185 3130 ferum
1200 3075 1290 3130 puro-

270 3145 375 3218 quein
392 3146 472 3219 fonte
490 3145 624 3204 locabat:
642 3145 730 3205 facilc
747 3146 800 3204 illc
819 3149 938 3206 secutus
957 3148 1003 3204 est
1019 3146 1175 3204 hominum
1192 3165 1289 3205 mores

224 3253 252 3292 ao
269 3252 325 3293 nec
347 3234 499 3293 feritatem
521 3233 705 3310 perdiderat,
734 3237 807 3312 quia
833 3235 911 3294 hanc
937 3235 1071 3293 noudum
1098 3234 1199 3293 fuerat
1221 3254 1290 3294 cou-

271 3326 389 3384 secutus
416 3325 449 3382 in
477 3323 561 3382 silvis
588 3326 693 3400 utpote
720 3326 828 3401 raptus
857 3325 894 3383 ab
921 3323 1062 3382 uberibus
1089 3325 1209 3398 matris,
1238 3324 1289 3383 sed

344 3510 622 3566 lsreutVsiuted.
681 3512 870 3582 3tyrrbidces
887 3510 913 3565 V
931 3512 999 3566 -das
1018 3511 1062 3565 ed.
1120 3509 1290 3578 bfcctusV

269 3585 367 3650 fieret
385 3584 428 3637 ed.
488 3588 629 3652 Sparteve
642 3582 668 3635 V
682 3599 752 3636 corr.
767 3583 812 3637 ed.
867 3589 902 3637 14
919 3584 1049 3638 studarde'
1061 3581 1087 3635 V
1100 3584 1226 3637 satiandi
1239 3600 1290 3637 nos

269 3655 409 3710 scrutandi
426 3653 469 3709 ed.
539 3661 573 3708 16
591 3656 708 3708 maiores
725 3652 752 3707 V
769 3656 883 3709 maioris
901 3671 952 3708 nos
970 3656 1086 3709 maiores
1103 3655 1201 3709 habere
1219 3654 1264 3709 ed.

270 3726 475 3797 pecudalitatem
493 3725 518 3779 V
537 3743 606 3780 corr.
626 3726 669 3780 ed,
743 3729 777 3779 18
800 3743 883 3794 prum
901 3727 954 3780 lati
970 3725 996 3779 V
1020 3743 1066 3797 qu.
1085 3727 1210 3781 striuiue
1231 3724 1282 3778 ed.

270 3799 360 3853 multa
385 3798 477 3866 peric
501 3796 528 3851 V
558 3815 593 3852 m.
621 3797 753 3866 peciolis
784 3814 836 3853 nos
868 3799 976 3856 multoe
1010 3800 1118 3870 spectes
1147 3793 1244 3850 Vm
1277 3790 1331 3843 eu.

271 3874 306 3922 22
326 3873 377 3922 aut
394 3884 444 3921 om.
461 3867 503 3922 ed,
531 3868 542 3940 f
566 3871 618 3938 quc'
633 3871 664 3926 eie
684 3869 711 3926 V
729 3888 754 3942 q.
768 3872 838 3930 inde
857 3891 912 3930 nos
933 3875 985 3947 qui
1006 3874 1055 3929 ed.
