3142 4375
659 471 843 527 AENEIDOS
857 472 910 527 VII
1250 476 1292 540 79

276 658 378 719 pressa
406 643 452 701 est
477 640 637 718 longitudo
664 640 820 721 regionum
842 640 980 718 adquae
1008 641 1090 701 dirus
1114 640 1205 700 tubae
1227 659 1292 717 per·

275 732 400 790 venerat
421 748 522 790 sonus.
566 728 678 790 idcirco
706 721 809 789 autem
831 730 908 790 dixit
929 730 994 790 Nar
1023 731 1186 806 sulphurea
1213 749 1294 807 aqua

274 819 378 879 album
395 819 499 896 fluere,
519 818 599 895 quod
618 838 738 879 currens
757 820 887 879 colorem
905 820 1058 897 sulphuris
1075 821 1235 894 monstret,
1253 818 1295 878 sit

273 928 345 970 vero
370 928 451 985 aqua
473 908 536 968 eius
560 909 630 968 alba
657 927 725 968 cum
750 908 899 969 hauritur.
938 909 1063 970 Velinus
1087 911 1188 968 autem
1204 909 1293 968 lacus

237 1017 252 1059 e
274 1001 328 1059 est.
370 1002 397 1057 et
417 998 548 1072 trepidae
569 1001 679 1057 matres
693 1014 827 1072 pressere
844 1000 886 1058 ad
898 1002 1018 1072 pectora
1035 1002 1135 1057 news:
1156 998 1294 1072 feminae,

275 1106 352 1165 quae
375 1088 516 1148 bellicum
539 1088 608 1146 cani
630 1089 808 1163 acceperant
827 1088 961 1163 auribus,
984 1105 1053 1147 mox
1071 1106 1131 1147 non
1149 1086 1208 1147 sibi
1225 1088 1294 1163 plus

274 1195 369 1253 quam
385 1175 488 1236 liberis
507 1177 673 1236 metuentes
692 1176 905 1236 continuerunt
921 1177 998 1236 filios
1018 1195 1088 1236 suos
1107 1175 1293 1253 amplexibus

273 1265 394 1343 pavidis
412 1266 540 1326 scientes
561 1264 634 1341 quid
652 1264 726 1325 mali
744 1266 836 1325 etiam
850 1266 984 1342 parvulis
1000 1266 1081 1325 bella
1100 1265 1294 1325 minarentur.

275 1354 315 1415 ad
336 1357 473 1432 pectora,
496 1354 610 1432 inquit,
632 1358 805 1431 presserunt
827 1357 955 1434 pignora
977 1373 1045 1430 sua,
1068 1357 1103 1414 ut
1126 1354 1295 1414 ostenderet

223 1464 251 1506 ro
274 1446 366 1522 poete
387 1444 515 1503 nimium
538 1444 689 1503 adfectum
711 1445 863 1503 maternae
889 1444 1115 1518 sollicitudinis,
1138 1445 1226 1520 quasi
1245 1445 1294 1503 de-

273 1554 359 1593 mum
380 1533 450 1594 inde
473 1533 578 1593 divelli
600 1553 659 1593 non
682 1536 813 1608 possent,
850 1536 929 1592 certe
950 1535 1043 1593 etiam
1064 1533 1141 1591 illud
1158 1533 1295 1610 intellegi

274 1623 378 1698 potest
405 1622 535 1682 voluisse
564 1641 615 1682 eas
645 1623 754 1682 satiare
784 1622 875 1682 eorda
898 1640 953 1682 sua
975 1623 1101 1696 solacio,
1132 1625 1294 1698 antequam

275 1711 340 1769 illis
359 1710 407 1770 vel
425 1730 525 1771 aarum
542 1711 644 1771 liberis
663 1712 780 1772 veniret
797 1713 947 1771 interitus.
975 1716 1037 1770 toan
1054 1727 1121 1769 cero
1140 1711 1181 1769 ad
1197 1728 1294 1769 coeca

277 1800 394 1869 celeres
417 1818 477 1875 poa
499 1802 606 1861 tactem
631 1803 749 1875 aiacem
776 1802 846 1860 dira
873 1802 963 1870 dedit,
993 1801 1089 1873 raptis
1117 1804 1356 1859 mommoreto

223 1905 254 1947 ra
275 1889 405 1964 accipre
426 1890 490 1949 telis
510 1890 646 1949 inocentii
668 1890 827 1964 apricolae:
852 1891 989 1966 superius
1013 1887 1162 1965 „Silvia“,
1184 1888 1295 1965 inquit,

276 1979 397 2055 „prima
425 1996 511 2039 soror
536 1978 645 2055 palmis
668 1997 809 2055 percussa
831 1980 959 2039 lacertos
982 1979 1130 2038 auxilium
1152 1981 1241 2038 vocat
1264 1981 1295 2037 et

274 2067 366 2127 duros
398 2068 566 2127 conclamat
598 2066 757 2145 agrestis“,
793 2074 900 2144 postea
927 2068 1004 2128 dixit
1034 2072 1141 2144 „vocat
1172 2069 1294 2145 agmina

273 2154 431 2234 Tyrrhus“
454 2160 486 2217 et
507 2158 623 2218 venisse
647 2157 778 2234 aliquos,
802 2156 892 2218 tertio
918 2159 1041 2219 Furiam
1063 2159 1160 2234 ipsam
1182 2156 1294 2218 bellum

272 2245 349 2306 tuba
370 2245 506 2306 finitimis
531 2250 561 2306 et
583 2247 672 2325 longe
690 2247 798 2324 positis
816 2249 971 2308 nuntiasse
992 2250 1128 2308 secutum
1147 2249 1205 2322 est,
1228 2250 1294 2307 tum

223 2349 254 2394 πο
272 2354 345 2396 vero
367 2336 424 2396 hoo
447 2337 494 2395 est
515 2338 581 2395 tum
602 2338 701 2414 magis
725 2337 860 2397 infinitos
888 2339 1037 2415 agricolas
1065 2338 1197 2414 coepisse
1225 2356 1292 2395 eon-

273 2443 401 2500 ourrere,
418 2427 455 2484 ut
472 2425 680 2485 manifestaret
698 2429 814 2502 quauta
831 2428 944 2486 virtute
962 2427 1076 2505 singuli
1094 2426 1206 2486 auxilia
1225 2445 1293 2485 eon-

271 2517 433 2574 voeassent
449 2517 573 2591 propter
590 2516 736 2574 ultionem
754 2515 838 2575 facti.
870 2533 922 2575 uec
944 2534 1004 2574 pop
1027 2520 1053 2574 et
1075 2517 1167 2575 Troia
1186 2517 1295 2588 pubes:

271 2603 330 2662 hoc
357 2605 404 2662 est
426 2603 625 2663 Troianorum
652 2606 794 2664 iuvenum
821 2605 992 2664 multitudo.
1039 2606 1128 2664 Troia
1156 2605 1199 2664 sic
1225 2624 1293 2680 pro·

272 2692 414 2751 nuntiare
437 2690 591 2768 debemus,
615 2696 663 2769 ut,
687 2713 755 2753 eum
777 2696 845 2770 ipsa
867 2694 968 2771 patria
991 2694 1190 2772 significatur,
1216 2693 1293 2751 duae

231 2790 255 2834 se
272 2780 409 2857 syllabae
423 2781 506 2857 fiant,
526 2782 645 2858 quando
661 2782 775 2858 aliquid
788 2783 892 2859 ipsius,
910 2786 971 2844 tres
990 2784 1124 2859 syllabae
1138 2801 1294 2842 numeren-

272 2872 332 2946 tur,
355 2873 391 2930 ut
413 2889 493 2930 nunc
516 2871 614 2947 prima
637 2872 678 2931 sit
699 2875 756 2946 tro,
780 2874 911 2932 secunda
928 2875 953 2948 i,
976 2871 1068 2932 tertia
1091 2891 1118 2930 a.
1161 2871 1294 2931 Asconio

273 2960 422 3019 auxilium
449 2962 554 3019 castris
581 2962 706 3034 effandet
733 2963 858 3034 opertis:
888 2962 920 3020 in
942 2962 1077 3038 periculo
1104 2961 1180 3038 regii
1207 2962 1294 3036 pueri

273 3067 333 3108 uon
357 3048 506 3126 paulatim
528 3053 736 3125 processerant
763 3051 802 3109 ad
825 3051 970 3110 auxilium
993 3069 1047 3109 nec
1069 3050 1221 3127 partibus,
1243 3051 1294 3109 sed

273 3139 366 3198 semel
384 3156 485 3197 omnes
504 3138 628 3197 Troiani
646 3139 733 3198 effusi
750 3142 830 3199 sunt.
864 3144 1010 3216 quantum
1027 3142 1132 3199 tuetur
1140 3139 1292 3218 Vergilius

228 3240 256 3282 ω
273 3226 474 3286 Troianorum
497 3229 593 3304 partis
618 3229 654 3287 ab
677 3229 732 3287 illa
754 3229 883 3303 invidia,
906 3250 943 3288 ne
961 3231 993 3288 in
1012 3229 1110 3288 alieno
1129 3249 1221 3307 regno
1240 3249 1292 3306 po-

272 3317 326 3376 siti
348 3316 541 3393 inprobitatis
567 3318 678 3376 crimen
705 3319 903 3378 incurrerent!
944 3319 1157 3395 procedebant,
1184 3318 1292 3394 inquit,

272 3405 412 3480 Troiani,
434 3425 495 3465 non
513 3409 550 3464 ut
571 3407 728 3482 inferrent,
754 3407 807 3468 sed
829 3411 865 3467 ut
886 3409 1066 3484 repellerent
1087 3407 1212 3482 bellum,
1239 3425 1293 3466 nec

272 3497 308 3553 ut
326 3497 578 3572 persequerentur
596 3515 787 3572 quemquam,
806 3497 858 3556 sed
875 3500 912 3556 ut
929 3499 1009 3576 regis
1022 3497 1119 3556 filium
1138 3498 1293 3556 tuerentur

270 3685 272 3689 -
346 3647 647 3702 2NorVed.Nosrem
661 3650 799 3717 expectes.
850 3650 997 3718 taciperis
1009 3649 1043 3704 V.
1061 3649 1064 3721 t
1080 3647 1292 3704 macretatv

271 3723 437 3774 meteret
455 3719 555 3773 ested.
616 3724 632 3773 6
651 3719 754 3774 coaiV
772 3736 835 3774 eum
853 3720 896 3774 ed.
954 3727 985 3775 11
1005 3721 1071 3776 inde
1088 3719 1114 3773 V
1133 3720 1237 3774 aetate
1254 3719 1306 3772 at.

272 3789 671 3845 laooloctoVomHOUed.
714 3791 1121 3850 1aoeniretvocaaoasu.
1163 3787 1325 3846 ΝΜ,

272 3865 308 3915 20
326 3861 452 3928 befiottoe
469 3860 496 3914 V
510 3863 541 3917 e'n
554 3864 690 3930 finebbnos
707 3863 737 3918 H
742 3863 798 3921 OU
818 3867 865 3924 ed.
923 3873 961 3924 28
978 3863 1158 3942 persuasi
1182 3865 1219 3918 ta
1236 3876 1270 3928 p.
1288 3855 1343 3909 ab·
