3142 4375
654 478 903 533 unruuosvu
1243 484 1288 547 49

269 667 324 724 que
352 650 516 722 morisque:
547 646 691 726 quicquid
724 648 757 706 in
784 647 983 707 Troianorum
1013 665 1116 707 necem
1144 646 1227 707 mitti
1254 648 1290 707 de

268 740 345 799 caeli
381 738 519 815 partibus
555 736 669 814 potuit,
706 736 850 813 quicquid
886 736 923 795 de
959 736 1099 796 fiuctibus
1135 737 1291 813 procurari

267 830 383 889 factum
411 831 457 889 est
483 830 582 887 totum
604 829 762 903 totumque
790 826 978 885 busuatum.
1024 826 1095 899 quid
1116 824 1216 900 &vtes
1239 829 1291 885 cert

266 918 367 993 Scylla
389 918 470 986 mibi,
494 916 566 990 quid
586 919 674 975 casto
702 912 866 989 fflwrpbdts
888 915 1024 988 profuit?
1070 916 1190 992 quaerit
1216 915 1289 991 quid

235 1023 248 1063 a
267 1008 344 1067 mihi
362 1006 541 1083 profuerunt
559 1003 683 1081 Syrtes?
720 1005 794 1081 quid
815 1003 917 1081 Scylla
935 1004 984 1064 vel
1001 1006 1090 1064 vasta
1104 1002 1290 1080 Charybdis?

267 1100 369 1171 vasta,
399 1096 456 1155 hoc
479 1098 524 1154 est
547 1112 651 1169 saeva,
679 1095 711 1152 in
739 1112 832 1171 quam
855 1114 902 1152 me
925 1093 1081 1153 laborante
1105 1096 1223 1153 constat
1245 1094 1290 1151 in-

267 1188 382 1262 pactos.
417 1185 475 1244 boc
492 1183 707 1260 interrogantis
726 1185 785 1258 est,
813 1200 879 1241 ecce
901 1184 970 1259 ipsa
992 1182 1165 1260 respondet:
1194 1186 1290 1257 optato

268 1275 434 1334 contemtor
467 1272 625 1347 ltrybrtde's
653 1273 733 1331 atreo
761 1273 857 1331 seueri
879 1272 981 1346 pelopi
1008 1276 1094 1345 atquc
1119 1273 1185 1332 met.
1235 1291 1290 1350 ego

267 1363 330 1423 illis
357 1362 546 1423 inevitabilia
573 1361 680 1435 obieci,
707 1361 761 1419 illa
789 1380 839 1420 eos
868 1361 907 1419 ad
932 1363 1038 1437 optata
1065 1362 1226 1436 duxerunt,
1257 1362 1290 1418 in

222 1468 250 1507 rc
269 1453 391 1511 tantum
425 1454 460 1509 ut
496 1450 622 1511 ulterius
659 1468 713 1508 nec
748 1469 796 1508 me
828 1451 957 1509 timeant
992 1469 1047 1509 nec
1073 1450 1171 1510 minas
1204 1450 1291 1527 ponti

270 1539 440 1599 formident.
484 1559 537 1617 per
561 1539 733 1599 istiusmodi
760 1540 1006 1614 conparationem
1035 1539 1167 1600 ostendit
1188 1558 1291 1599 cumn·

269 1629 335 1688 lum
358 1628 469 1689 doloris
493 1630 551 1703 sui,
575 1648 643 1688 curn
663 1631 796 1688 cerneret
818 1628 955 1687 inimicos
978 1647 1048 1688 suos
1072 1628 1221 1704 superatis
1244 1630 1292 1688 tot

269 1717 493 1777 discriminibus
511 1719 636 1778 terrenis
655 1737 690 1777 ac
708 1717 811 1795 pelagi
829 1717 948 1777 defendi
964 1717 1142 1793 placiditate
1158 1716 1290 1777 fluminis

268 1811 301 1868 et
332 1808 411 1885 regis
444 1807 587 1867 amicitia.
636 1808 727 1866 Mors
755 1807 877 1879 perdere
903 1811 1017 1881 pentem
1045 1807 1195 1865 inmunem
1228 1805 1353 1865 Iro-305

223 1913 248 1953 ιι
261 1897 382 1971 pitheem
403 1897 509 1965 cobet,
535 1898 674 1956 coacessit
689 1897 723 1956 ire
741 1896 806 1954 iras
823 1897 887 1970 ipse
905 1897 991 1955 derra
1010 1896 1163 1967 comeam
1178 1896 1292 1969 paritor

269 1984 423 2061 Calydona
454 1987 589 2054 Diceae,
622 1986 699 2058 qood
723 1985 817 2043 scelus
845 1989 897 2043 out
918 1985 1067 2058 Lapithos
1094 1988 1208 2043 tanturn
1240 1988 1292 2043 cert

269 2074 423 2150 Calydona
446 2076 621 2133 carentem?
666 2094 748 2135 more
771 2093 826 2133 suo
851 2068 896 2155 (1,
912 2066 969 2155 37)
994 2073 1031 2133 ab
1056 2074 1198 2149 exemplis
1217 2092 1291 2150 quo·

268 2184 326 2243 qne
348 2166 409 2224 iras
434 2182 504 2224 suas
529 2163 663 2224 accendit
685 2166 716 2223 et
735 2163 852 2224 inducit
867 2164 998 2223 minores
1016 2164 1087 2224 deos
1106 2163 1284 2241 adplenum

267 2273 298 2314 se
330 2254 507 2313 defendisse.
558 2256 649 2330 atque
684 2256 720 2314 ut
755 2254 812 2312 hoc
846 2253 967 2331 gravius
1003 2254 1130 2326 faceret,
1167 2252 1285 2313 addidit

224 2360 249 2399 rc
268 2343 515 2420 conparationem
548 2362 567 2401 a
598 2360 725 2418 persona
762 2361 819 2402 sua
855 2342 955 2402 dicens
997 2348 1044 2401 cet
1080 2361 1142 2417 epo,
1179 2359 1292 2417 mappa

267 2434 351 2492 Iocis
379 2432 519 2500 cerione,
552 2431 596 2489 retl
629 2431 758 2504 linquere
789 2433 931 2490 incusare
963 2449 1038 2504 quae
1060 2434 1146 2505 potat
1176 2433 1290 2505 infatua,

268 2539 344 2595 occe
365 2525 469 2580 memet
489 2521 523 2578 ire
545 2521 645 2579 omnic
667 2522 753 2588 certi,
777 2522 879 2579 vincor
899 2523 937 2579 ct
955 2518 1073 2580 Aeaeo:
1085 2524 1126 2580 'et
1147 2540 1290 2598 personas
1301 2531 1353 2581 310

269 2613 300 2670 et
323 2610 433 2669 delicta
456 2612 602 2686 conparat
625 2611 656 2668 et
678 2628 788 2688 genera
810 2610 948 2669 ultionis:
974 2629 1005 2669 se
1033 2613 1179 2687 conparat
1200 2610 1292 2668 Marti

270 2702 301 2756 et
323 2699 439 2757 Dianae
461 2699 595 2776 itemque
619 2717 669 2758 eos
695 2699 749 2775 qui
776 2701 920 2775 utrosque
948 2698 1018 2758 deos
1048 2699 1232 2758 offenderant
1261 2701 1292 2757 et

223 2802 251 2842 aa
270 2786 469 2846 Troianorum
505 2793 689 2865 personam,'
717 2787 838 2846 illorum
876 2787 990 2847 factum
1026 2790 1056 2846 et
1092 2788 1291 2847 Troianorum

272 2894 407 2952 causam,
430 2895 557 2953 poenam
579 2896 699 2954 quoque
723 2895 815 2953 quam
836 2877 918 2937 Mars
936 2872 972 2936 vct
994 2876 1094 2935 Diana
1120 2877 1291 2936 inflixerant

271 2965 387 3024 confert
414 2984 480 3024 eum
510 2968 667 3026 conatibus
696 2966 772 3041 suis,
804 2967 837 3024 in
869 2967 967 3025 alieno
1000 2965 1121 3043 negotio
1149 2967 1292 3026 leviorem

269 3055 345 3114 facit
381 3055 620 3131 delinquentium
657 3074 795 3130 eausam,
831 3057 864 3113 in
896 3074 951 3114 suo
989 3056 1169 3133 graviorem,
1206 3055 1290 3130 alios,

270 3163 338 3204 eum
360 3143 573 3219 irascerentur,
600 3146 729 3221 inplesse
752 3143 930 3218 vindictam,
953 3161 984 3203 sc
1006 3163 1067 3202 non
1089 3147 1208 3204 tantum
1230 3164 1291 3203 non

223 3249 249 3287 eo
268 3233 403 3310 potuisse
430 3252 535 3292 verum
562 3233 653 3292 etiam
682 3236 862 3310 superatam.
908 3233 1012 3293 vincor
1042 3233 1079 3292 ab
1107 3233 1222 3310 Aenea,
1252 3234 1290 3293 ab

269 3341 331 3381 uno
356 3321 483 3398 scilicet,
506 3324 536 3380 ct
558 3341 613 3396 pro
642 3323 741 3382 animo
770 3323 910 3381 inimicae
933 3322 1145 3401 intellegamus
1173 3323 1211 3382 ab
1238 3323 1290 3381 ho·

342 3515 358 3562 3
377 3515 464 3564 totum
477 3514 614 3576 totumque
629 3506 654 3561 V
669 3515 755 3564 totum
773 3526 827 3563 orn.
842 3509 929 3563 HOU
944 3510 1015 3633 edd
1033 3516 1066 3564 ut
1078 3512 1193 3580 scyllum
1206 3511 1247 3564 bii
1256 3509 1289 3564 V.

270 3588 287 3635 4
306 3587 421 3649 quaerat
435 3580 569 3650 quidquid
582 3581 651 3633 mete·
663 3578 690 3633 V
703 3583 813 3649 qaaerit
830 3597 881 3635 nos
900 3581 967 3650 qaid
980 3598 995 3636 e
1080 3588 1095 3636 6
1114 3583 1146 3636 ire
1159 3581 1291 3650 quorneV

269 3655 301 3706 tra
323 3669 378 3724 qua
401 3669 443 3737 eree
466 3651 508 3705 ed.
584 3658 617 3706 16
640 3657 666 3706 er
684 3652 815 3720 Lapitheia
834 3658 943 3736 tantum
964 3659 1015 3707 act
1032 3653 1171 3735 Calidoro
1187 3669 1299 3706 mercn-

269 3722 1338 3864 lustuffutululuuulruulbulrstt-

268 3866 345 3920 soree-'r
363 3864 388 3918 V
403 3882 469 3920 corr.
490 3866 533 3921 ed.
609 3874 642 3924 23
664 3877 690 3928 et
706 3879 1017 3946 yemra-cobpawt
1039 3887 1101 3927 cm.
1122 3865 1191 3941 cb.¹

309 3968 368 4010 Don.
379 3970 477 4022 interpr.
489 3975 557 4027 Verg.
574 3981 622 4024 vol,
633 3983 670 4026 Π,
1185 3975 1208 4022 4
