3142 4375
658 501 842 557 AENEIDOS
855 502 922 557 VIII
1238 504 1302 569 159

284 690 335 732 rus
358 672 394 731 de
416 670 536 731 auxiliis
559 672 659 730 firerat
680 671 826 740 redditus
868 673 1000 731 ceterum
1019 671 1045 730 si
1063 672 1119 730 hoe
1137 691 1198 729 non
1216 673 1302 746 esset,

285 762 456 839 culparetur
469 762 586 820 Aeneas
602 762 655 837 qui
672 762 704 819 in
722 763 810 820 tanta
824 779 896 820 cura
909 761 1025 836 positus
1040 762 1113 821 locis
1128 760 1304 838 capiebatur

285 854 315 910 et
335 853 472 911 veterum
499 850 617 909 fabulas
646 850 786 926 cupiebat
809 850 922 909 audire.
968 855 1030 909 tam
1051 866 1104 908 ree
1125 850 1301 918 Euandrus

283 940 438 1000 Rmaamce
464 939 595 998 conditor
622 940 715 998 crois:
751 939 894 998 Euander
925 958 992 998 oum
1024 959 1093 998 eum
1125 939 1303 998 advertisset

254 1028 439 1089 ahominnm
462 1028 577 1106 origine
599 1030 735 1087 veterum
758 1028 914 1102 delectari,
943 1049 981 1087 ne
1009 1028 1221 1106 interrogando
1250 1030 1303 1086 aut

282 1118 489 1196 respondendo
507 1117 636 1176 tarditas
657 1119 789 1176 oreretur
807 1117 854 1177 die
872 1118 935 1176 iam
951 1118 984 1175 in
1004 1136 1110 1177 occasu
1129 1119 1302 1191 constituto,

282 1209 348 1285 ipse
370 1209 451 1267 ultro
476 1207 564 1283 quasi
587 1226 676 1283 super
699 1206 836 1266 omnibus
854 1207 1057 1285 interrogatus
1076 1206 1163 1283 plene
1182 1224 1302 1265 exorsus

283 1300 329 1357 est
347 1299 521 1357 ostensurus
535 1296 655 1374 singula
669 1298 700 1355 et
714 1316 815 1355 eorum
831 1296 978 1374 originem
991 1298 1176 1355 narraturus
1204 1295 1304 1371 coepit

281 1386 378 1465 igitur
399 1388 455 1446 sic:
492 1385 563 1443 baec
584 1402 705 1443 memoro
727 1386 883 1459 indiqmue
904 1386 994 1458 fuum
1010 1386 1210 1459 nymphaeque
1228 1389 1303 1443 teme·

239 1494 266 1534 ro
282 1478 354 1536 bunt
369 1492 497 1550 peneque
512 1475 609 1533 cirum
627 1474 739 1533 baneas
754 1478 780 1532 et
793 1475 867 1533 dmo
880 1476 980 1532 robore
997 1478 1086 1533 muta:
1108 1476 1176 1548 ista,
1194 1474 1303 1551 inquit,
1313 1482 1365 1533 315

282 1584 405 1623 nemora
427 1564 567 1641 primitus
595 1564 682 1623 fauni
708 1563 853 1622 tenebant
875 1565 906 1621 et
928 1565 1077 1639 nymphae
1101 1566 1131 1621 et
1154 1563 1237 1622 aliud
1259 1564 1303 1623 vi·

282 1672 385 1712 rorum
403 1673 495 1732 genus
514 1655 620 1712 natum
639 1672 674 1711 ex
692 1653 834 1711 arborum
852 1654 967 1711 munais
983 1656 1036 1712 aut
1049 1652 1163 1712 robore.
1199 1651 1304 1711 robore

285 1742 366 1819 quod
389 1744 445 1818 ait,
476 1746 529 1802 aut
556 1760 650 1820 genus
678 1742 755 1819 ligni
777 1741 960 1819 significavit
983 1745 1038 1800 aut
1060 1741 1174 1801 arboris
1199 1740 1304 1799 erassi-

283 1830 428 1892 tudinem.
472 1832 645 1910 indigenae,
674 1830 744 1889 Inde
771 1830 880 1908 geniti,
909 1831 965 1889 hoc
988 1833 1033 1890 est
1059 1833 1092 1890 in
1117 1831 1192 1908 ipsis
1220 1831 1303 1905 locis,

240 1937 266 1978 rs
284 1920 366 1996 quod
392 1922 492 1997 potest
519 1923 549 1978 et
577 1921 616 1979 ad
642 1920 749 1979 faunos
777 1922 808 1978 et
835 1920 874 1978 ad
901 1921 1049 1996 nymphas
1077 1922 1239 1996 pertinere,
1269 1921 1305 1977 ut

285 2028 386 2069 omnes
409 2012 470 2069 sint
491 2010 659 2088 indigenae.
701 2009 782 2067 dicta
805 2011 851 2068 est
873 2011 967 2087 origo,
991 2011 1157 2069 necessario
1181 2010 1303 2069 subnec-

283 2099 360 2157 titur
382 2099 531 2175 quomodo
560 2118 591 2159 se
617 2100 696 2157 inter
722 2097 813 2156 initia
840 2099 999 2177 gesserint:
1040 2100 1106 2171 qua
1128 2116 1219 2172 meque
1241 2116 1304 2157 mos

283 2206 375 2262 meque
398 2190 493 2248 cultus
516 2193 593 2248 erut:
617 2207 717 2247 omnes
741 2189 847 2264 populi
870 2191 925 2248 aut
947 2188 1062 2267 legibus
1086 2192 1227 2249 tenentur
1250 2193 1304 2248 aut

282 2278 429 2353 moribus,
451 2279 531 2356 leges
551 2279 749 2354 inponuntur,
767 2296 832 2337 mos
851 2297 922 2338 vero
942 2298 977 2337 ex
995 2279 1150 2338 voluntate
1169 2278 1305 2338 nascitur

240 2383 267 2423 ro
282 2365 450 2425 incolarum
473 2369 504 2426 et
526 2370 573 2426 est
594 2387 648 2443 per
674 2368 811 2444 regiones
835 2366 968 2427 diversus
997 2374 1028 2427 et
1054 2368 1177 2443 perinde
1205 2368 1303 2427 obser·

283 2458 374 2515 vatur
396 2457 431 2513 ut
452 2455 508 2513 lex.
544 2456 596 2515 isti
617 2459 680 2515 tam
703 2455 793 2514 rudes
816 2456 950 2531 fuerunt,
974 2459 1038 2515 tam
1057 2459 1168 2533 asperi,
1191 2460 1228 2516 ut
1249 2476 1304 2516 neo

283 2544 350 2622 lege
372 2545 437 2603 ulla
459 2563 514 2603 nee
536 2545 639 2621 aliquo
661 2564 744 2605 more
768 2546 952 2620 tenerentur,
976 2547 1092 2604 cuttum
1117 2566 1235 2623 quoque
1254 2566 1304 2605 ne-

284 2634 426 2694 sciebant.
459 2633 513 2710 qui
526 2634 567 2694 sit
579 2636 677 2694 cultus
696 2637 760 2711 ipse
779 2637 870 2711 poeta
887 2635 986 2711 ponit:
1004 2653 1057 2694 mee
1069 2637 1189 2710 tempere
1202 2640 1304 2694 tauros

283 2727 336 2782 act
358 2740 526 2797 componere
549 2741 617 2798 opes
639 2729 760 2792 morum,
783 2725 840 2782 hoe
862 2729 908 2784 est
930 2727 1025 2782 terras
1048 2726 1253 2797 inverterem,
1277 2723 1303 2782 si

239 2826 265 2868 rs
282 2814 361 2872 esset
383 2831 473 2888 opum
500 2832 612 2890 magna
641 2813 825 2887 substantia,
855 2813 1029 2872 nesciebant
1051 2832 1086 2872 ea
1109 2813 1156 2871 uti
1178 2831 1303 2887 eamque

283 2901 449 2979 elegantius
474 2903 622 2961 ordinare,
660 2907 712 2961 aut
725 2919 849 2976 parcere
864 2906 951 2976 parto
970 2902 1018 2961 vel
1035 2901 1068 2959 in
1086 2902 1225 2960 futurum
1244 2919 1302 2959 ser·

282 3009 353 3051 vare
376 2993 500 3067 propter
522 2991 735 3051 necessitatum
753 2993 941 3050 varietatem.
983 2990 1200 3049 ordinationem
1221 3009 1303 3049 more

283 3097 337 3139 suo
360 3081 501 3138 executus
526 3081 583 3153 est,
606 3081 702 3155 primo
727 3080 804 3139 dixit
825 3100 879 3139 nee
903 3083 933 3139 et
955 3081 987 3137 in
1010 3079 1107 3138 medio
1130 3079 1233 3155 posuit
1250 3097 1302 3138 no·

282 3170 364 3243 rant,
387 3170 423 3225 ut
446 3170 600 3226 essetnec
623 3172 733 3228 norant
755 3172 858 3228 tauros
881 3171 1005 3246 iungere
1028 3188 1081 3228 neo
1104 3171 1214 3228 norant
1232 3187 1303 3244 opes

239 3272 266 3312 eo
283 3275 449 3334 conponere
473 3274 527 3314 nec
545 3259 655 3315 norant
672 3276 793 3334 parcere
811 3261 908 3334 parto.
947 3277 981 3316 ae
999 3277 1052 3333 per
1069 3259 1125 3316 hoc
1143 3277 1232 3318 usum
1250 3259 1302 3317 ho·

283 3347 399 3405 minum
408 3346 461 3423 qui
475 3347 581 3420 postea
595 3347 738 3406 suecessit
752 3347 934 3422 nesciebant,
948 3347 1063 3407 scilicet
1075 3366 1129 3406 nec
1142 3367 1301 3423 procurare

354 3535 499 3588 eromam‘
511 3532 544 3586 V.
567 3533 569 3605 t
591 3549 652 3587 emm
665 3550 726 3588 cum
740 3533 767 3588 V
784 3551 807 3589 e.
822 3551 883 3589 eam
901 3551 952 3589 nos
971 3535 1091 3589 alterum
1108 3552 1170 3590 cam
1189 3552 1242 3589 om.
1257 3535 1301 3588 ed.

284 3610 300 3659 5
327 3606 461 3661 bominem
487 3606 620 3674 omqimem
642 3603 668 3658 V
694 3606 719 3659 b.
744 3607 850 3676 criptae
874 3607 917 3661 ed.
945 3608 1086 3662 bromimum
1111 3608 1215 3677 criptae
1242 3622 1301 3661 nos.

284 3677 435 3731 boriretar
452 3676 494 3730 ed.
546 3677 667 3746 bipitm
685 3693 739 3730 om.
755 3677 798 3731 ed.
851 3683 884 3731 16
898 3679 1098 3733 dietaestcrieo
1111 3679 1262 3733 necessario
1276 3677 1302 3731 V

283 3747 409 3815 corrupit
422 3748 464 3801 ed.
516 3752 550 3801 19
570 3748 636 3817 lepis
649 3746 675 3800 V
690 3764 758 3802 corr.
773 3748 818 3802 ed.
864 3755 898 3804 23
917 3751 984 3818 qaid
1001 3752 1038 3804 eit
1056 3750 1103 3804 ed.
1146 3755 1189 3802 ‘II
1203 3753 1319 3800 morunt

283 3818 325 3887 (in
337 3818 452 3887 interpr.
468 3819 555 3873 semel
567 3825 672 3875 morrmt
684 3822 728 3874 ter
741 3819 903 3894 morumttV.
916 3822 927 3896 t
940 3823 974 3878 iu
986 3819 1109 3878 cetereV
1128 3821 1274 3873 immersere
1286 3810 1341 3860 so.

284 3893 317 3943 2⁵
327 3889 428 3956 fuam
437 3888 463 3943 V
472 3892 501 3945 ee'
511 3898 580 3948 esset
591 3909 643 3949 nos
657 3894 684 3951 si
696 3893 719 3964 f.
730 3895 771 3952 eie
786 3894 833 3952 ed.
885 3900 923 3952 ti
938 3890 1141 3952 meeiebuatV
1162 3903 1218 3941 me
1233 3894 1295 3934 esee
1308 3871 1364 3923 zo.
