3142 4375
543 1159 777 1227 AENEIDOS
801 1160 936 1227 LIBER
953 1161 1010 1227 IX.

339 1306 437 1382 Atque
451 1326 486 1368 eu
500 1309 618 1368 diversa
630 1310 836 1384 ponticellum
849 1315 938 1383 purte
953 1314 1110 1385 geruntur:
1128 1330 1196 1370 cum
1209 1311 1291 1386 haec,

267 1398 379 1475 inquit,
397 1399 430 1456 in
447 1398 588 1458 interiore
606 1400 636 1458 et
654 1399 790 1477 longiore
809 1403 894 1476 parte
912 1402 1081 1477 agerentur,
1094 1400 1150 1459 hoc
1165 1403 1211 1459 est
1224 1419 1291 1459 cum

226 1542 229 1548 .
268 1486 360 1547 armis
380 1487 556 1547 caelestibus
576 1490 606 1547 et
625 1489 745 1547 auxiliis
760 1490 960 1548 instrueretur
973 1488 1100 1564 Aeneas,
1115 1508 1189 1564 quos
1205 1492 1290 1548 actus

266 1575 408 1636 habuerit
426 1577 545 1636 Turnus
563 1579 653 1652 poeta
676 1576 827 1637 describit.
864 1578 932 1637 vult
950 1578 1030 1636 enim
1049 1578 1203 1637 ostendere
1222 1596 1289 1637 con·

234 1686 249 1728 s
267 1665 427 1742 paratione
445 1666 528 1725 facta
547 1665 645 1741 qualis
659 1667 776 1726 Aeneas
796 1667 829 1724 in
847 1666 1080 1744 cogitationibus
1096 1666 1177 1741 belli,
1192 1667 1290 1743 qualis

267 1754 361 1814 fuerit
375 1756 501 1814 Turnus.
532 1755 564 1813 in
582 1756 681 1832 prima
699 1756 810 1832 quippe
829 1758 915 1831 parte
934 1757 1034 1814 octavi
1051 1755 1122 1815 libri
1136 1748 1208 1835 (26)
1223 1774 1289 1815 con·

267 1846 421 1921 petentem
433 1844 498 1903 viro
513 1844 667 1903 Dardanio
687 1844 919 1904 sollicitudinem
938 1844 1021 1903 dedit
1039 1844 1206 1905 describens
1223 1863 1291 1903 eum

268 1933 312 1992 sic
330 1935 397 1993 tota
413 1935 513 1992 mente
531 1932 623 1993 fuisse
640 1952 826 2010 suspensum,
840 1936 885 2009 ut,
900 1953 969 1993 cum
983 1937 1060 1993 esset
1074 1953 1133 1994 nox
1146 1936 1177 1993 et
1190 1934 1291 1992 omnia

268 2022 388 2082 silentio
420 2025 450 2081 et
480 2023 578 2082 somni
606 2024 708 2099 requie
738 2025 921 2099 tenerentur,
952 2024 1033 2083 solus
1062 2024 1127 2100 ipse
1149 2022 1292 2101 vigilaret

223 2134 249 2173 ro
268 2111 323 2171 sub
347 2112 429 2170 caelo
453 2114 484 2170 et
505 2112 571 2171 loco
595 2112 695 2190 gelido
724 2114 919 2190 constitutus,
947 2111 1144 2190 procumbens
1167 2112 1200 2169 in
1222 2114 1290 2189 ripa

268 2200 413 2276 fluminis,
431 2221 492 2260 non
509 2201 624 2276 iaccnS,
642 2201 696 2260 ubi
715 2221 750 2261 ex
768 2202 924 2263 vicinitate
942 2202 1122 2280 frigidarum
1141 2221 1290 2279 aquarum

268 2293 447 2351 acerrimum
469 2291 566 2368 frigus
585 2294 617 2349 et
635 2290 830 2352 durissimum
847 2292 919 2367 fnit,
942 2292 1118 2367 tardiusque
1137 2291 1291 2368 dormisse,

267 2399 328 2439 non
351 2379 531 2456 voluptatis,
560 2383 597 2439 ut
619 2382 774 2457 apparuit,
803 2400 908 2456 causa,
938 2382 990 2441 sed
1011 2385 1047 2440 ut
1070 2400 1138 2441 cum
1161 2400 1195 2440 eo
1219 2381 1291 2440 deus

268 2489 303 2529 ex
336 2471 491 2529 occasione
520 2469 606 2546 loqui
636 2489 764 2546 cumque
794 2489 932 2530 securum
960 2470 1081 2530 reddere
1113 2472 1144 2529 et
1172 2471 1291 2529 firmare

223 2577 249 2618 rc
268 2558 393 2618 consilio
417 2559 573 2635 potuisset.
612 2577 678 2618 ecce
702 2562 733 2618 et
750 2558 798 2618 hic
817 2559 950 2619 laborem
967 2560 1131 2618 maximum
1150 2559 1291 2635 suscepit,

267 2649 399 2724 perrexit
422 2647 461 2706 ad
488 2650 619 2706 remotas
646 2648 767 2723 penitus
799 2651 908 2726 partis,
941 2650 1056 2708 sufficet
1077 2649 1223 2708 venturus
1246 2650 1291 2706 in-

267 2736 418 2796 structior.
459 2738 575 2797 interea
598 2739 720 2813 propter
743 2756 794 2797 eos
818 2738 870 2814 qui
893 2737 930 2795 ab
953 2738 1110 2796 intellectu
1131 2737 1290 2796 manifesto

267 2825 380 2886 diversi
402 2828 474 2885 sunt
496 2828 527 2885 et
549 2829 659 2902 putant
681 2826 831 2887 diversam
854 2828 971 2903 partem
995 2827 1082 2903 quasi
1104 2826 1291 2886 adversario-

266 2935 336 2974 rum
359 2914 469 2974 dixisse
483 2915 652 2993 Vergilium
671 2915 817 2975 addamus
837 2917 1019 2991 exemplum,
1043 2919 1080 2974 ut
1098 2914 1290 2974 ostendamus

223 3023 248 3062 20
268 3005 387 3064 diversa
405 3008 491 3080 parte
509 3004 630 3082 longius
650 3006 792 3080 separata
806 3004 982 3082 significare.
1011 3006 1122 3080 quippe
1137 3005 1170 3062 in
1185 3004 1290 3080 quinto

267 3093 345 3152 libro
371 3086 467 3176 (166)
496 3093 540 3152 ait
567 3113 649 3168 „quo
681 3092 816 3153 diversus
847 3092 931 3152 abis?
971 3093 1081 3151 iterum
1110 3095 1179 3168 pete
1209 3110 1291 3167 saxu,

267 3180 438 3258 Menoete“,
466 3183 523 3241 hoc
547 3184 593 3241 est
619 3183 783 3258 plurimum
808 3202 826 3241 a
847 3185 928 3241 meta
952 3185 982 3241 ct
1010 3200 1097 3242 cursu
1124 3182 1290 3241 necessario

268 3274 434 3347 separatus.
488 3272 562 3330 item
593 3271 626 3329 in
657 3272 714 3330 hoc
746 3271 823 3330 libro
856 3264 951 3352 (691)
989 3272 1031 3330 sic
1067 3272 1201 3347 positum
1232 3274 1290 3330 est:

268 3362 407 3436 „ductori
425 3362 527 3419 Turno
551 3359 669 3420 diversa
691 3361 722 3419 in
745 3363 832 3436 parte
851 3358 994 3435 furenti“,
1011 3362 1067 3419 hoc
1087 3363 1132 3419 est
1151 3379 1169 3418 a
1188 3361 1290 3418 Troia-

342 3518 356 3566 1
380 3520 463 3582 utque
486 3513 529 3567 ed.
608 3513 675 3567 itu
693 3513 823 3567 interiore
836 3511 862 3562 V
881 3513 990 3567 diuersa
1008 3512 1051 3565 ed.
1082 3512 1085 3584 l
1119 3513 1245 3582 longiora
1265 3509 1292 3564 V

269 3587 312 3639 -sc'
335 3584 378 3640 ed.
415 3586 417 3658 l
452 3590 594 3654 egerentur
611 3583 637 3637 V
660 3590 805 3653 comentur
828 3583 871 3637 ed.
894 3590 1069 3654 gererentur?
1142 3584 1246 3638 ocelli
1265 3581 1292 3636 V

269 3658 293 3710 b.
308 3663 335 3711 ct
352 3656 396 3710 ed.
448 3662 481 3710 10
499 3658 531 3709 io
548 3656 640 3724 robam
653 3654 687 3721 V,
708 3655 756 3709 sed
775 3655 806 3708 in
824 3653 890 3708 VHI
907 3658 939 3709 io
956 3657 1028 3724 ripa.
1080 3660 1114 3708 14
1131 3651 1277 3721 formarel

269 3744 339 3781 corr.
354 3726 398 3781 ed.
450 3734 483 3781 24
502 3727 611 3782 dodoci
627 3727 722 3781 Turno
737 3743 791 3780 orn.
807 3726 850 3781 ed.
868 3727 873 3800 l
888 3727 999 3783 diuersa
1011 3725 1126 3797 purtcV
1137 3768 1147 3793 ,
1160 3727 1198 3778 ab
1209 3726 1274 3777 w

269 3799 343 3853 d.c'u
355 3815 386 3866 p.
414 3799 421 3870 l
450 3816 469 3853 a
487 3814 539 3852 om.
556 3798 598 3854 ed.
