3142 4375
636 476 821 532 AENEIDOS
834 477 887 533 VH
1229 481 1271 545 91

194 705 200 714 ,
251 646 361 725 quibus
385 646 462 705 caeli
484 644 621 723 partibus
643 649 850 722 morarentur,
873 645 949 705 dixit
971 647 1002 705 et
1025 645 1144 722 quando
1163 646 1274 707 existet

194 759 198 772 ·
249 738 316 813 ipse
329 753 409 810 mos,
427 734 583 813 subiungit
596 736 689 795 etiam
707 735 799 794 moris
816 735 913 812 ipsius
926 736 1026 795 ritum.
1059 737 1274 810 snntperninoe

251 826 319 886 belli
337 828 454 899 portes,
477 825 521 883 sic
542 826 660 883 nornine
683 825 797 884 dicent:
819 823 910 900 duae,
928 825 1042 901 inquit,
1064 828 1169 902 portae
1193 828 1273 901 sunt,

248 915 307 974 hae
331 913 403 990 quia
425 913 497 973 belli
519 916 654 990 tempore
676 915 886 974 tantummodo
904 915 1085 989 reserantur,
1103 914 1272 990 appellatae

214 1006 323 1065 esunt
358 1002 432 1062 belli
462 1004 576 1079 portae.
621 1003 760 1077 relipione
795 1020 899 1062 sonae
936 1008 963 1062 et
997 1004 1079 1061 saeui
1112 1004 1273 1077 formidine

248 1093 378 1169 Martis:
409 1110 478 1151 cum
510 1090 592 1151 omni
622 1092 768 1170 religione
798 1092 949 1151 habentur
977 1094 1100 1169 propter
1127 1092 1272 1152 Martium

248 1200 368 1242 numen.
406 1184 521 1243 centnm
545 1182 624 1240 aerei
642 1182 785 1240 elandnnt
801 1185 907 1240 nectes:
930 1181 1013 1241 dedit
1035 1182 1174 1242 claustris
1197 1181 1271 1257 ipsis

248 1272 394 1331 maiorem
412 1271 475 1330 vim
499 1288 517 1329 a
539 1290 662 1330 numero
686 1270 883 1347 etqualitate
904 1272 1057 1330 materiae.
1097 1276 1272 1344 aeternaque

246 1361 324 1434 ferri
345 1361 467 1419 robora:
495 1360 601 1418 crescit
623 1358 666 1418 rei
684 1359 780 1436 ipsius
804 1362 1012 1437 augmentum,
1041 1379 1148 1420 aeneos
1171 1362 1270 1420 vectes
1281 1370 1333 1419 610

196 1465 228 1507 ro
248 1448 337 1525 dicit,
359 1450 454 1509 etiam
481 1448 638 1508 roboribus
666 1448 769 1509 ferreis
797 1451 900 1526 portas
927 1450 1010 1525 ipsae
1038 1449 1152 1508 clausas
1179 1453 1271 1526 atque

247 1538 392 1599 firmatas.
437 1555 490 1596 nec
520 1542 614 1597 enetos
642 1538 757 1597 absistit
786 1537 886 1596 limine
914 1538 1027 1597 Ianne:
1057 1538 1194 1598 omnibus
1223 1539 1270 1598 his

248 1628 449 1687 claustrorum
485 1626 680 1686 firmamentis
713 1626 835 1686 additus
869 1645 929 1685 non
962 1626 1044 1686 deest
1074 1625 1180 1701 Ianus,
1218 1628 1271 1704 qui

248 1718 370 1794 gemina
398 1717 497 1775 fronte
524 1714 764 1791 circumspiciens
795 1716 897 1776 omnia
925 1735 986 1775 non
1013 1716 1130 1792 patitur
1159 1715 1269 1776 furoris

249 1808 281 1864 et
304 1805 447 1865 scelerum
469 1804 576 1865 ianuas
598 1808 710 1875 temere
732 1805 867 1864 reserari.
912 1805 980 1875 boa,
1008 1806 1060 1863 nbi
1087 1808 1165 1863 certo
1192 1806 1272 1864 sedet

199 1909 229 1950 15
244 1895 384 1967 patribus
397 1896 540 1954 sententie
547 1911 682 1968 pnpnoe,
700 1893 754 1952 ubi
767 1893 905 1970 patribus
919 1913 979 1953 uno
995 1911 1139 1953 consensu
1156 1893 1269 1952 bellum

249 1981 316 2061 geri
328 1983 477 2060 placuerit
489 1986 520 2043 et
534 1984 667 2041 omnium
681 1983 773 2042 fuerit
788 1983 847 2043 fixa
866 1984 1023 2058 sententia,
1041 1984 1104 2056 ipse
1119 1982 1270 2057 Quirinali

248 2072 351 2132 trabea
373 2073 522 2148 nnnnqne
550 2072 667 2132 Gabino
694 2072 822 2147 insipnie
848 2076 960 2131 reserat
985 2072 1139 2131 stridentia
1164 2072 1270 2131 limine

247 2161 363 2222 cononi:
392 2162 478 2222 cultu
504 2162 666 2222 Romuleae
693 2161 785 2222 vestis
813 2164 843 2223 et
871 2159 982 2222 Gabini
1011 2162 1110 2222 cinctu
1139 2162 1268 2239 insignis

246 2251 351 2312 consul
375 2252 483 2310 harum
512 2255 669 2329 portarum
697 2253 813 2311 reserat
841 2251 929 2311 fores.
975 2251 1134 2311 stridentia
1162 2252 1269 2312 limina

195 2355 226 2396 ao
245 2342 363 2417 posuit,
386 2343 421 2399 ut
442 2342 475 2400 in
497 2340 565 2417 ipsa
591 2359 710 2418 qnoque
736 2340 938 2418 patefactione
961 2341 1120 2401 valvarum
1139 2359 1267 2419 magnus

246 2428 358 2490 stridor
370 2447 506 2490 serarum
518 2430 628 2490 missus
642 2432 754 2489 terreat
772 2429 930 2489 audientis.
957 2431 1021 2503 ipse
1038 2434 1121 2489 vocet
1133 2449 1269 2505 pnpnns:

244 2520 327 2578 idem
355 2520 421 2596 ipse
451 2519 555 2579 consul
585 2537 656 2580 voce
687 2537 743 2578 sua
772 2521 862 2579 vocat
886 2538 1018 2596 pugnas,
1050 2519 1106 2578 hoc
1138 2522 1183 2579 est
1215 2519 1269 2579 dat

243 2607 405 2668 iuvenibus
424 2608 580 2687 pugnandi
597 2610 787 2684 potestatem.
824 2609 955 2683 seqnitur
972 2611 1033 2666 inm
1052 2612 1145 2667 cetere
1158 2610 1268 2682 pnbes:

244 2715 315 2757 cum
338 2697 391 2756 ille
415 2698 596 2774 permiserit,
623 2698 758 2772 sequitur
782 2697 945 2757 multitudo
971 2697 1066 2756 omnis
1093 2700 1123 2756 et
1145 2716 1266 2757 consen·

199 2797 224 2840 ru
244 2805 312 2846 sum
335 2786 504 2846 commodat
530 2787 696 2863 imperatis.
736 2788 838 2864 potest
865 2789 896 2845 et
920 2786 975 2862 sic,
999 2789 1035 2845 ut
1055 2786 1195 2846 iuventus
1219 2804 1267 2844 ac·

243 2877 333 2951 cepta
359 2878 509 2952 potestate
537 2875 692 2954 pugnandi
720 2877 819 2935 cetera
842 2894 920 2952 quae
945 2878 1017 2935 sunt
1038 2874 1123 2950 belli,
1147 2877 1182 2933 ut
1204 2892 1267 2934 sese

243 2964 409 3040 rettulerit,
438 2968 588 3041 sequatur.
635 2982 777 3039 aereoque
805 2965 934 3024 adsensu
961 2966 1131 3038 conspirent
1156 2981 1267 3023 cornea
1277 2974 1329 3022 615

243 3071 350 3114 renco:
373 3056 515 3115 continuo
534 3058 565 3114 et
578 3057 684 3114 cantus
698 3054 799 3113 bellici
813 3055 907 3113 aereis
922 3053 1061 3113 cornibus
1078 3052 1266 3113 emittuntur.

242 3143 296 3202 boe
319 3146 346 3201 et
367 3147 429 3202 tarn
451 3143 603 3203 Aeneadis
624 3144 752 3202 indicere
773 3143 849 3202 bello
866 3143 998 3202 Latinos
1014 3159 1094 3201 neore
1111 3142 1267 3201 inbebntnr

198 3243 225 3283 ³0
243 3233 393 3307 tristisque
410 3233 558 3292 reelndere
571 3237 690 3307 portos:
712 3231 876 3292 secundum
891 3235 1023 3291 veterem
1040 3231 1136 3310 igitur
1153 3251 1266 3291 morem

334 3369 484 3422 docmina
497 3366 530 3422 V.
585 3366 960 3422 continentiarum.
1016 3365 1265 3436 9anprnentan

243 3455 357 3508 arpenn·
373 3438 415 3492 ed.
434 3438 437 3509 l
453 3438 584 3493 aeneosV
598 3454 689 3493 aereos
703 3438 746 3492 ed.
791 3443 825 3490 14
838 3444 913 3508 peste
925 3454 977 3506 pro
991 3443 1065 3492 certo
1073 3437 1107 3491 V.
1152 3443 1186 3491 16
1200 3438 1266 3506 plo-

242 3511 475 3576 cncrat-fnerat
492 3510 535 3565 ed.
592 3515 625 3563 18
643 3510 741 3579 pallini
754 3507 780 3561 V
794 3509 837 3563 ed.
853 3512 881 3578 (a
896 3508 1070 3562 nominativo
1086 3506 1265 3576 Gabinumt).

243 3586 276 3634 21
296 3581 425 3636 stridoris
442 3597 532 3637 errore
549 3582 649 3636 misens
668 3580 692 3633 V
711 3579 764 3634 edI
781 3586 830 3635 etr,
847 3588 933 3636 terror
951 3582 1064 3635 emiseno
1082 3579 1144 3634 edF
1163 3580 1266 3634 stridor

241 3668 367 3707 serarum
385 3669 420 3706 m.
439 3669 497 3706 noe.
563 3657 597 3705 23
617 3658 674 3706 inin
692 3650 718 3704 V
736 3667 814 3719 paena
833 3652 875 3705 ed.
941 3657 975 3706 25
991 3649 1121 3720 poteotV
1138 3651 1265 3706 omnibns

242 3723 286 3778 cd.
323 3723 327 3793 Ι
360 3729 393 3777 nt
415 3739 468 3777 om.
488 3723 532 3778 ed.
606 3728 640 3776 26
664 3728 752 3776 cetera
772 3720 798 3774 V
821 3724 859 3777 ed
881 3729 921 3778 c?
954 3724 958 3793 l
990 3729 1127 3792 quaerunt
1146 3722 1172 3776 V
1195 3739 1266 3790 enee

241 3799 308 3849 nort
330 3809 389 3849 nos.
463 3800 496 3848 27
520 3795 665 3850 retulerint
684 3792 710 3847 V
733 3794 789 3849 -rit
811 3810 861 3849 noa
884 3797 952 3867 <oeae
973 3795 1070 3852 nettnl.
1085 3794 1109 3848 i.
1123 3810 1151 3848 s.
1167 3791 1284 3857 consum

241 3865 415 3921 ad-rettnl.
435 3866 539 3920 temere
555 3867 624 3922 mut.
646 3864 689 3922 ed.
713 3864 717 3940 Ι
737 3869 864 3940 seqnitur
885 3868 930 3926 ed.
951 3869 962 3944 t
980 3883 1101 3940 ceneqw
1113 3865 1159 3920 V-
