3142 4375
651 483 904 539 munmosvn
1242 488 1284 553 61

270 655 356 715 venio
378 672 458 713 nuno
481 654 519 714 ad
541 653 612 713 fidei
632 652 743 730 partis,
770 670 849 730 quae
876 670 992 730 semper
1019 654 1100 730 apud
1125 656 1155 713 te
1183 657 1287 714 sancta

269 746 300 803 et
320 742 504 804 inviolabilis
531 742 605 817 fuit,
631 742 719 801 venio
747 742 787 801 ad
812 742 966 820 singulare
992 742 1166 803 institutum
1194 743 1288 803 animi

267 833 328 908 tui,
352 852 412 910 quo
434 835 557 892 tuorum
579 850 684 891 curam
706 848 822 908 semper
844 834 876 891 et
897 831 1009 909 ubique
1031 832 1167 892 servasti.
1207 851 1287 893 rece·

268 922 353 981 ditur
380 941 398 981 a
421 922 536 995 Turno,
564 940 652 996 quem
680 921 873 979 coniunctum
894 921 952 981 tibi
974 923 1005 980 et
1025 922 1105 981 ratio
1132 922 1288 1001 sanguinis

230 1028 246 1068 c
268 1010 341 1071 fecit
363 1014 394 1069 et
416 1011 607 1070 dexterarum
629 1010 749 1087 saepius
770 1009 902 1087 repetita
923 1012 1089 1071 conventio.
1135 1031 1174 1070 an
1197 1015 1288 1089 putas

268 1100 346 1160 nihil
364 1100 481 1160 sceleris
506 1098 639 1174 admitti,
662 1117 730 1159 oum
751 1099 836 1158 nulla
859 1100 1076 1160 interveniente
1095 1118 1187 1160 causa
1207 1122 1287 1160 rum-

268 1191 354 1267 pitur
385 1190 490 1249 foedus
524 1187 606 1264 quod
636 1188 726 1248 multi
752 1187 933 1266 religionum
964 1189 1037 1248 nodi
1068 1192 1099 1247 et
1129 1209 1289 1250 numerosa

269 1279 384 1355 pariter
405 1278 529 1338 vincula
550 1276 734 1338 nexuerunt?
780 1277 895 1337 Tradas
918 1281 952 1337 tu
977 1278 1129 1337 dederam
1152 1280 1287 1356 proximo

270 1371 302 1428 et
323 1369 380 1427 hoc
402 1387 463 1427 non
486 1367 591 1442 semel,
617 1366 669 1427 sed
690 1366 810 1443 saepius
838 1367 946 1442 facias,
975 1368 1144 1445 obstringas
1172 1370 1287 1427 eunctis

223 1477 250 1517 ro
269 1461 356 1516 tuam
377 1455 573 1534 religionibus
594 1455 694 1531 fidem,
718 1474 810 1533 quam
829 1455 887 1515 diis
905 1456 1059 1516 foederum
1076 1457 1204 1517 testibus
1227 1477 1288 1517 non

271 1547 336 1605 sine
367 1545 558 1605 veneratione
588 1545 726 1619 firmasti,
757 1548 894 1621 repente,
926 1564 994 1604 cum
1025 1546 1146 1605 laeserit
1176 1547 1288 1621 nullus,

272 1633 401 1709 denique
436 1634 537 1694 nullus
573 1633 739 1708 offenderit,
775 1635 842 1711 ipse
877 1635 990 1710 primus
1029 1635 1149 1694 discidii
1185 1639 1290 1695 auctor

272 1725 383 1782 existas
402 1725 444 1798 et,
467 1722 547 1800 quod
564 1725 645 1800 patri
661 1724 785 1801 regique
804 1724 1013 1800 turpissimum
1032 1728 1090 1799 est,
1108 1726 1289 1785 sententiam

272 1817 358 1872 tuam
380 1811 529 1872 contraria
551 1812 705 1872 sentiendo
729 1811 898 1872 dissolvas?
927 1815 1006 1871 certe
1029 1812 1105 1871 siin
1124 1813 1180 1872 hac
1199 1832 1289 1873 causa

227 1919 254 1959 ro
274 1902 395 1961 deorum
416 1904 447 1961 te
469 1919 612 1979 responsa
635 1900 814 1976 sollicitant,
842 1905 868 1961 si
891 1922 1033 1980 generum
1054 1902 1177 1962 Faunus
1204 1922 1289 1980 prae·

273 1990 349 2049 dixit
370 1993 537 2066 externum,
559 1991 629 2051 nolo
651 1991 685 2049 in
706 1991 763 2050 hac
785 1995 872 2066 parte
896 1992 1029 2068 parentis
1047 1993 1126 2050 tanti
1144 1992 1289 2051 iudicium

270 2079 387 2155 laedas,
410 2080 608 2157 conpleantur
625 2079 720 2154 iussa,
744 2081 788 2140 sie
810 2082 925 2154 tamen,
947 2100 984 2139 ne
1007 2080 1073 2157 ipso
1092 2082 1188 2157 patris
1207 2082 1289 2141 obse-

271 2170 343 2248 quio
372 2169 542 2230 intellectus
572 2188 670 2228 errore
700 2169 858 2247 prolapsus
885 2169 988 2230 laedas
1015 2171 1116 2246 potius
1139 2171 1289 2231 iubentem

271 2262 302 2319 et
330 2279 418 2336 quem
445 2261 475 2318 te
505 2259 611 2319 officiis
639 2260 802 2334 promereri
829 2261 931 2319 credas
960 2259 1100 2320 offendes.
1146 2280 1290 2339 responsa

226 2367 253 2407 so
272 2368 389 2426 semper
419 2368 532 2428 magna
560 2348 678 2407 cautela
707 2353 738 2408 et
766 2350 856 2424 plena
885 2349 1052 2408 intentione
1075 2349 1290 2411 consideranda

272 2440 356 2514 sunt3
380 2438 492 2515 quippe
515 2437 613 2496 dubiis
636 2438 774 2496 involuta
792 2437 890 2498 verbis
914 2441 945 2496 et
963 2438 1087 2513 ancipiti
1106 2440 1290 2516 syllabarum

273 2522 503 2606 congregatione
540 2529 718 2600 miscentur,
753 2546 790 2584 ne
824 2527 906 2603 apud
937 2528 1103 2586 humanum
1136 2530 1290 2607 ingenium

273 2616 376 2675 divina
397 2615 539 2675 beneficia
556 2615 751 2693 intellegendi
768 2616 916 2675 facilitate
934 2618 1088 2676 vilescant.
1125 2618 1289 2676 considere·

271 2723 339 2764 mus
365 2706 462 2784 igitur
489 2705 563 2780 quid
589 2704 760 2764 faciendum
786 2724 930 2782 response
958 2705 1174 2782 praedixerint3
1203 2705 1290 2765 video

223 2811 253 2852 ao
271 2795 353 2853 enim
375 2798 406 2854 te
428 2795 459 2852 in
480 2795 528 2853 his
551 2794 730 2854 sententiam
752 2797 852 2868 tuam,
875 2794 996 2869 marite,
1018 2794 1125 2853 fixisse.
1167 2797 1290 2870 externi,

270 2883 384 2959 inquit,
411 2884 532 2942 venient
550 2883 660 2961 generi.
705 2882 859 2943 videamus
888 2883 961 2960 quid
985 2883 1025 2942 sit
1043 2886 1194 2959 externus3
1221 2884 1290 2942 volo

271 2973 352 3031 enim
374 2971 447 3031 dicti
469 2973 565 3048 ipsius
588 2972 709 3031 definire
733 2974 880 3032 rationem
898 2976 928 3031 et
946 2973 1078 3049 parentis
1097 2972 1144 3030 tui
1161 2974 1291 3032 mentem

271 3062 363 3138 plena
385 3062 550 3121 intentione
574 3061 721 3140 colligere.
759 3063 915 3122 consultus
933 3062 984 3119 ille
1002 3063 1034 3118 in
1053 3061 1173 3138 negotio
1190 3064 1290 3139 neptis

273 3149 348 3226 quid
379 3150 475 3227 possit
506 3150 644 3226 prodesse
674 3151 837 3228 respondit.
884 3153 1020 3222 externo,
1055 3149 1170 3226 iuquit,
1205 3151 1291 3210 trade

223 3255 253 3295 so
271 3238 367 3297 ffliam
394 3241 487 3297 tuam.
533 3241 670 3298 externus
698 3243 743 3299 eet
770 3240 909 3317 quisquis
937 3259 955 3299 a
981 3258 1074 3316 regno
1097 3243 1149 3298 tuo
1177 3244 1207 3300 et
1236 3243 1291 3299 tua

272 3329 423 3405 potestate
443 3327 588 3387 discretus
611 3330 669 3403 est,
694 3328 742 3388 oui
760 3332 862 3388 tamen
881 3330 921 3389 sit
939 3328 1108 3388 substantia
1126 3348 1291 3408 congruens

272 3419 305 3476 et
334 3416 519 3475 domicilium
548 3420 669 3477 certum.
715 3419 816 3478 exules
847 3421 918 3478 sunt
945 3417 998 3477 isti
1028 3437 1103 3492 quos
1136 3418 1292 3478 arbitraris

273 3508 425 3584 externos,
447 3525 501 3565 nec
523 3507 576 3565 ille
598 3507 640 3566 sio
664 3506 740 3565 dixit
760 3510 881 3566 nostrae
903 3507 983 3566 filiae
1007 3507 1233 3583 consulendum,
1256 3513 1293 3567 ut

347 3663 362 3711 2
377 3659 545 3728 ungularem
559 3658 591 3713 V.
649 3662 665 3710 3
679 3658 815 3714 receditur
829 3677 847 3713 a
861 3666 943 3714 turno
957 3658 983 3713 V
995 3660 1065 3712 mut.
1080 3657 1123 3712 ed.
1184 3664 1200 3712 b
1215 3677 1253 3714 on
1266 3659 1292 3712 V

272 3730 311 3784 ab
329 3728 373 3784 ed.
440 3736 572 3799 mquam
590 3728 617 3783 V
634 3745 704 3798 quae
722 3729 766 3784 ed.
836 3736 868 3784 12
888 3731 990 3785 suddit
1008 3731 1056 3786 ed.
1122 3734 1162 3783 22
1179 3731 1310 3783 tumeo-

272 3808 319 3856 tus
337 3799 364 3854 V
385 3802 519 3856 intellecto
538 3800 581 3855 ed.
655 3805 689 3854 22
711 3802 844 3861 eiliscuot
860 3802 896 3860 V.
971 3810 1013 3860 24
1033 3798 1269 3875 praedicerotV
1292 3797 1333 3846 'aa

273 3873 331 3926 -rit
347 3887 413 3924 corr.
431 3871 463 3924 Π
475 3889 547 3927 man.
569 3880 652 3931 -ranl
670 3871 726 3932 OU
746 3877 792 3933 ed.
813 3881 892 3937 ·riot
913 3879 960 3937 ed.
979 3881 1063 3950 post.
