3142 4375
661 482 915 537 muamosxu
1232 485 1296 551 637

279 652 383 711 auidos
402 652 550 711 extendere
569 670 673 712 nesus
690 653 762 711 celle
779 652 914 711 eidemrsr
934 651 1010 710 etin
1026 653 1131 711 mediis
1149 652 1300 711 conatibus
1309 662 1361 713 910

278 741 361 815 cepre'
373 741 558 810 menduces,
577 758 638 800 nore
656 742 758 815 tineae
773 742 859 810 eald,
877 758 937 799 eon
955 758 1073 815 corpore
1090 745 1176 800 notae
1192 740 1299 812 suffiu-

277 834 332 889 eut
358 831 436 889 utres
463 847 515 889 uec
540 847 596 889 ece
623 834 676 889 out
701 831 792 889 uerba
815 834 991 903 sequuntur:
1019 831 1062 889 ste
1085 832 1200 900 Turno,
1227 847 1299 902 quo·

278 936 398 994 meaque
416 920 498 979 oium
514 920 619 978 uirtute
633 918 743 991 petivit,
757 936 923 978 swessona
936 919 992 978 deo
1006 920 1074 979 diro
1091 924 1192 994 nepot:
1210 917 1300 979 datur

239 1008 436 1085 eparabola,
467 1027 502 1067 ex
529 1028 590 1085 qua
616 1009 824 1084 unusquisque
852 1028 888 1067 ex
915 1026 945 1067 se
975 1007 1133 1086 intellegat
1160 1008 1299 1086 quemad·

276 1098 401 1158 modum
422 1098 454 1156 in
478 1097 578 1156 Turno
602 1097 702 1156 omnia
722 1096 887 1156 inminente
905 1097 1012 1156 ultimo
1031 1098 1095 1157 fato
1113 1098 1299 1173 hebuissent3

276 1206 348 1247 nam
371 1186 508 1247 omnibus
531 1186 701 1245 hominibus
718 1205 773 1262 per
796 1204 933 1246 somnum
952 1187 1028 1246 talia
1047 1189 1228 1246 consuerrmt
1251 1206 1299 1246 ac·

276 1275 391 1351 cidere,
417 1278 452 1335 ut
485 1275 663 1335 dormientes
693 1274 854 1336 videantur
881 1276 958 1335 velle
988 1294 1064 1352 quae
1096 1275 1209 1353 inplere
1239 1295 1299 1335 non

274 1368 415 1443 possunt:
445 1383 672 1442 nonnumquam
702 1364 842 1424 nituntur
868 1364 985 1442 aliquid
1008 1365 1120 1424 viribus
1144 1367 1297 1424 eteorum

223 1473 252 1514 ro
276 1457 402 1515 conatus
434 1459 504 1514 ante
533 1454 670 1513 effectum
701 1473 801 1513 rerum
838 1453 987 1513 debilitati
1024 1454 1236 1527 succumbunt,
1272 1455 1299 1513 si

274 1543 427 1604 voluerint
448 1543 545 1620 loqui,
564 1562 617 1603 nec
635 1544 741 1621 lingua
759 1543 857 1620 inplet
874 1543 1006 1602 officium
1025 1562 1113 1603 suum
1130 1562 1184 1602 nec
1201 1544 1297 1601 inten-

273 1634 389 1693 tionem
411 1632 539 1693 volentis
563 1632 713 1708 explicant
736 1632 842 1708 verba,
871 1635 970 1692 totum
994 1651 1122 1693 vacuum
1147 1635 1193 1692 est
1216 1631 1297 1709 quic·

275 1721 351 1799 quid
373 1722 524 1782 videbitur
546 1723 623 1799 geri,
645 1723 744 1781 totum
766 1722 932 1796 infirmum,
957 1724 1063 1797 utpote
1087 1721 1167 1799 quod
1189 1720 1297 1780 habere

275 1811 397 1871 videtur
419 1830 437 1869 a
456 1811 620 1870 dormiente
643 1812 854 1872 substantiam
882 1812 925 1870 sic
947 1828 1018 1888 ergo
1037 1803 1193 1887 tamqua'm
1212 1829 1297 1887 sopo-

223 1916 252 1959 re
274 1901 337 1961 rati
355 1900 472 1960 actibus
489 1900 620 1977 negabat
637 1901 692 1960 dea
707 1900 772 1959 dira
786 1918 963 1961 successum.
996 1904 1057 1958 tuen
1068 1905 1181 1973 pectore
1194 1916 1299 1958 sensus

274 1993 429 2049 emuntur
453 1990 546 2049 carii:
575 1988 683 2066 incipit
710 2009 856 2067 exponere
884 2008 961 2066 quae
991 1991 1031 2048 sit
1059 1989 1127 2065 ipsa
1153 1990 1360 2048 varietaszslt

275 2079 403 2137 Rutulos
425 2082 554 2153 aspectat
571 2083 597 2137 et
614 2080 730 2138 urbem:
751 2080 784 2138 in
807 2078 1014 2156 desperatione
1033 2079 1141 2138 salutis
1161 2078 1298 2155 respicie-

275 2168 330 2228 bat
359 2167 526 2243 civitatem,
555 2168 603 2228 vel
631 2168 713 2245 quod
741 2168 806 2228 illic
832 2167 962 2229 Lavinia
988 2167 1061 2244 fuit,
1090 2168 1138 2229 vel
1164 2188 1202 2228 ne
1229 2167 1298 2226 inde

275 2259 392 2318 veniret
421 2258 579 2331 auxilium,
611 2257 726 2334 pudore
756 2262 858 2317 autem
886 2259 1027 2318 confusus
1056 2259 1208 2334 deprecari
1238 2276 1298 2317 non

224 2364 255 2407 ao
276 2345 407 2407 audebat
438 2346 619 2406 Rutulorum
651 2365 738 2424 opem
770 2367 861 2424 quam
892 2346 1043 2424 inpetrare
1079 2365 1139 2406 non
1171 2349 1298 2424 poterat.

275 2435 371 2495 oculis
401 2438 503 2494 tamen
529 2435 762 2513 intellegebatur
791 2455 912 2513 poscere
940 2436 1176 2510 miserationem,
1207 2455 1298 2512 quam

275 2544 410 2585 sermone
443 2524 596 2601 nequibat.
633 2529 841 2598 medeturque
866 2530 944 2584 metu
976 2526 1084 2599 teloque
1110 2527 1221 2584 instare
1244 2529 1298 2582 tre·

274 2614 385 2673 missit:
399 2613 558 2674 dubitabat
570 2614 631 2673 telo
640 2615 778 2674 insistere
793 2613 908 2692 aliquid
921 2615 1022 2673 meriti
1035 2614 1147 2673 futuris
1161 2612 1298 2689 precibus

275 2721 408 2764 servans.
454 2720 506 2762 ece
528 2721 584 2776 quo
606 2721 637 2762 se
660 2704 766 2777 eripiat
787 2721 840 2763 nec
862 2721 921 2776 quo
947 2704 978 2761 ei
1000 2704 1100 2761 tendet
1120 2703 1154 2761 e'u
1176 2703 1298 2760 leostem:

223 2809 255 2852 ss
274 2811 398 2870 prorsus
435 2792 509 2868 quid
542 2793 654 2852 faceret
686 2792 851 2868 nesciebat3
879 2794 978 2851 totum
1012 2793 1090 2850 enim
1122 2790 1297 2868 inpossibile

274 2882 348 2941 fuit:
378 2881 514 2959 fugiendi
537 2881 647 2959 quippe
675 2881 791 2942 occasio
820 2880 937 2956 deerat,
966 2879 1096 2940 audendi
1122 2881 1153 2938 in
1180 2881 1298 2939 hostem

273 2971 386 3031 fiducia
409 2971 585 3047 negabatur.
628 2988 680 3030 uec
707 2989 813 3030 currus
843 2988 968 3043 usquam
997 2971 1076 3028 uidet
1106 2971 1298 3044 uerberaque

274 3077 418 3120 sororem:
441 3061 622 3119 auxiliorum
641 3079 759 3135 quoque
779 3078 846 3136 spes
864 3060 950 3119 nulla
968 3062 1135 3136 supererat,
1158 3059 1207 3118 vel
1226 3059 1298 3136 quia

274 3167 379 3209 currus
390 3149 495 3224 defuit,
509 3149 601 3209 etiam
615 3149 799 3209 abscesserat
813 3168 903 3208 soror.
923 3150 1070 3208 caedenti
1083 3149 1171 3206 tetum
1180 3146 1298 3207 Aeaeos

224 3239 367 3312 refutate
390 3243 524 3298 wuscot
544 3240 663 3298 sonitus
685 3241 837 3311 fortunam
859 3239 965 3297 oeulis:
994 3239 1064 3297 dum
1091 3237 1143 3298 ille
1172 3236 1359 3298 diversis920

348 3378 363 3426 8
388 3389 557 3443 quocumque
574 3372 600 3426 V
623 3389 727 3440 quomo.
748 3373 791 3427 ed.
870 3379 885 3427 6
904 3374 1001 3427 ultimo
1018 3373 1081 3440 foto
1098 3373 1253 3427 debuissent
1270 3370 1296 3424 V

274 3445 334 3512 fato
360 3461 411 3499 nos
436 3445 533 3513 inepte
558 3447 627 3498 mut.
649 3444 692 3498 ed.
766 3448 781 3496 9
805 3445 935 3499 adurerer
952 3442 978 3496 V
997 3444 1040 3498 ed.
1064 3445 1231 3498 adnituntur
1249 3459 1296 3497 ex-

274 3518 384 3584 pectes,
405 3516 455 3571 sed
474 3515 509 3570 cf.
530 3521 554 3582 1,
570 3520 629 3570 662.
704 3520 738 3568 12
761 3515 829 3582 quid
850 3515 988 3569 uidebitur
1005 3514 1031 3568 V
1054 3516 1185 3583 quicquid
1201 3533 1225 3568 v.
1245 3531 1296 3568 nos

274 3587 348 3656 quod
378 3587 551 3643 deadeutur
583 3586 626 3641 ed.
714 3591 748 3638 14
779 3604 798 3640 a
829 3587 978 3640 demicate
1003 3584 1029 3638 V
1061 3586 1220 3640 damnatis
1252 3586 1295 3640 ed.

275 3663 309 3712 15
335 3665 419 3728 erepat
443 3659 486 3713 ed.
560 3663 593 3711 21
620 3658 792 3727 tutellepebat
813 3663 961 3724 torpescam
979 3655 1004 3710 V
1023 3656 1066 3711 ed.
1092 3657 1297 3726 {mollepebatur

271 3746 383 3800 poscere
405 3746 464 3784 nos.
493 3729 495 3800 l
525 3727 620 3798 qro
638 3730 705 3798 quia
724 3729 766 3782 ed.
787 3745 869 3796 quum
887 3743 945 3782 nos.
1002 3733 1036 3781 22
1055 3726 1228 3796 telumqueV
1242 3727 1295 3794 ed,

275 3800 325 3854 sed
348 3800 419 3856 Don.
438 3801 542 3870 teloque
564 3800 666 3870 legisse
689 3800 805 3868 interpr,
825 3798 920 3854 docet:
944 3798 1020 3853 bona
1042 3799 1127 3853 lectio
1148 3801 1177 3853 et
1196 3800 1296 3868 argute

274 3869 432 3942 explicata,
456 3889 624 3941 quamquam
647 3872 677 3927 in
696 3870 780 3944 Verg.
799 3869 883 3928 libris
898 3871 951 3927 uix
964 3871 1125 3940 *lesdinium
1139 3871 1205 3922 eius
1220 3869 1315 3918 amau
