3142 4375
658 466 842 523 musicos
860 467 899 521 ix
1180 466 1183 471 ·
1223 471 1289 537 233

271 635 412 711 quoniam
441 635 558 696 sublato
587 637 685 712 capite
712 655 817 713 parere
844 655 904 695 non
927 639 1081 713 poterant,
1108 636 1289 715 singultibus

270 725 426 803 sanguinis
440 724 694 786 monstrabantur.
732 728 796 784 atro
811 726 954 799 tepefacta
972 744 1073 785 oraore
1087 729 1166 785 terra
1179 728 1289 799 toriaco

269 815 402 874 madeat:
425 816 528 874 tantus
547 833 582 874 ex
600 814 703 873 multis
722 813 918 874 cadaveribus
941 815 1041 874 fuerat
1059 834 1147 874 cruor
1170 816 1289 889 effusus,

269 908 305 964 ut
326 903 478 980 tepefacta
501 907 532 963 et
553 903 675 962 madida
693 904 799 963 effecta
817 903 931 963 fuerint
952 907 1033 963 terra
1056 904 1146 964 simul
1169 905 1288 964 actori.

240 1012 251 1050 a
270 993 414 1052 feminino
436 995 467 1052 et
488 994 655 1053 masculino
677 991 809 1051 neutrali
826 1012 932 1071 genere
955 994 1096 1068 occurrit,
1119 993 1200 1070 quod
1222 995 1289 1053 imi-

270 1084 397 1141 tandum
421 1085 479 1157 est,
507 1101 575 1141 cum
598 1081 637 1141 ad
659 1080 832 1141 huiusmodi
857 1082 1023 1142 locutiones
1045 1082 1136 1141 fuerit
1158 1086 1289 1143 venmm.

270 1175 398 1247 utraque
426 1172 521 1250 igitur
547 1170 725 1230 maduerunt
752 1173 911 1249 sanguine,
941 1173 1069 1247 utraque
1098 1171 1161 1232 eius
1192 1173 1289 1232 calore

270 1263 442 1337 tepuerant,
467 1259 504 1319 ad
529 1260 662 1319 omnium
679 1279 782 1319 necem
800 1260 955 1336 respondit
973 1260 1097 1320 dicendo
1121 1263 1186 1321 atro
1208 1263 1289 1337 tepe-

270 1351 352 1410 facta
375 1369 479 1409 cruore
502 1353 584 1409 terra
605 1350 725 1425 torique
747 1349 884 1424 madent3
910 1349 943 1407 in
966 1352 1047 1409 terra
1069 1350 1149 1408 enim
1171 1350 1291 1410 fuerant

226 1456 252 1495 ro
271 1441 350 1500 servi
377 1442 409 1498 et
436 1439 555 1516 aumga,
583 1437 647 1514 ipse
677 1441 778 1499 autem
807 1440 944 1499 dominus
971 1440 1004 1497 in
1031 1442 1107 1498 toro.
1152 1457 1205 1498 aee
1230 1457 1290 1498 aaa

272 1530 488 1602 Tamyramqae
510 1528 696 1603 Lamumque
719 1532 745 1587 et
765 1529 900 1587 iacebam
921 1528 1099 1587 Serranam:
1126 1546 1194 1586 oum
1217 1526 1291 1587 dicit
1299 1538 1351 1586 335

270 1636 324 1676 nec
348 1637 421 1688 non,
448 1618 539 1676 etiam
566 1617 620 1676 hos
643 1617 735 1677 Nisus
757 1618 946 1696 intellegitur
968 1616 1118 1677 occidisse.
1163 1617 1217 1676 illa
1240 1618 1290 1689 aaa

266 1707 401 1779 plurima
414 1710 494 1764 noete
513 1706 631 1775 leserat,
648 1706 705 1766 hoo
724 1709 770 1766 est
787 1707 918 1783 plurima
935 1709 1022 1783 parte
1040 1705 1136 1766 noetis
1154 1706 1289 1781 perinde·

272 1814 329 1870 que
351 1795 477 1870 maiore,
505 1794 588 1855 cuius
616 1795 756 1874 fatigatio
784 1795 923 1856 ebrietati
954 1797 1113 1855 coniuncta
1139 1794 1290 1854 bominem

227 1898 252 1938 ιε
271 1903 331 1941 non
368 1903 485 1959 somno,
524 1884 576 1944 sed
612 1885 782 1960 sepulturae
818 1884 993 1944 tradiderat
1052 1885 1179 1958 instatis
1213 1884 1290 1957 facie

270 1974 415 2045 arattooae
436 1974 551 2033 tacebat
572 1974 703 2033 membra
724 1974 777 2032 deo
799 1975 908 2033 uictas:
939 1975 1053 2034 ebrium
1081 1973 1289 2033 tantummodo

272 2064 339 2121 vult
364 2063 457 2121 istum
484 2063 639 2121 ostendere
663 2081 754 2138 quam
781 2081 886 2123 somno
910 2082 1098 2139 oppressum,
1126 2062 1207 2138 quod
1230 2063 1290 2121 fuit

272 2150 370 2229 peius,
397 2154 432 2211 ut
455 2150 518 2211 solo
548 2150 619 2212 vino
643 2153 802 2227 superatus
830 2151 873 2213 sic
900 2151 1011 2212 iaceret
1036 2155 1073 2212 ut
1099 2153 1146 2212 illi
1174 2151 1228 2229 qui
1255 2170 1290 2211 ex

271 2244 398 2318 utroque
412 2241 533 2300 fuerant
545 2240 615 2300 fusi.
650 2241 730 2313 felia,
750 2242 777 2300 si
794 2243 929 2314 protinas
943 2243 1027 2302 illaesa
1045 2247 1198 2315 aequasset
1214 2243 1291 2301 noeti

228 2345 253 2384 ao
272 2331 375 2388 ladam
386 2332 419 2388 ia
433 2330 579 2402 lacemque
592 2329 718 2388 tulisset:
731 2330 805 2389 felix
818 2334 904 2406 esset,
919 2331 945 2391 si
958 2332 1065 2391 ludum
1077 2334 1143 2391 toto
1156 2334 1290 2407 tempore

272 2421 368 2479 noctis
383 2421 548 2496 aequasset,
566 2418 623 2478 hoo
641 2421 687 2478 est
705 2420 885 2480 continuans
899 2423 1116 2496 perseverasset
1133 2422 1166 2478 in
1183 2421 1289 2480 lucem.

271 2510 408 2582 inpastus
431 2525 483 2566 eea
501 2509 592 2582 pleae
619 2508 661 2567 teo
679 2526 737 2582 per
758 2509 849 2568 ouilia
875 2511 1012 2578 tarbaas,
1039 2510 1095 2569 boc
1119 2511 1164 2569 est
1186 2509 1289 2569 turbas

272 2599 356 2657 dans.
392 2597 545 2673 inpastum
563 2596 639 2655 dixit
658 2597 850 2673 esurientem3
873 2599 1022 2658 feritatem
1046 2599 1158 2675 quippe
1176 2597 1290 2658 bestiae

272 2685 464 2761 conduplicat
486 2686 588 2745 fames.
625 2687 706 2745 leoni
724 2688 902 2763 conparavit
923 2687 1044 2762 Nisum,
1067 2688 1196 2747 Rutulos
1219 2706 1290 2748 vero

228 2790 253 2830 aa
271 2774 452 2834 inertissimo
476 2775 651 2834 animalium
669 2775 784 2853 generi.
822 2776 941 2848 (saadet
958 2777 1035 2835 enim
1052 2793 1164 2835 aesaaa
1181 2776 1289 2849 fames)
1300 2784 1352 2833 340

271 2865 441 2937 manditque
472 2864 615 2936 trahatque
645 2866 730 2925 molle
758 2882 848 2938 pecus
877 2864 1062 2941 [malamque
1090 2863 1199 2939 metaJ:
1231 2863 1289 2924 duo

272 2957 422 3031 oportuna
445 2952 573 3028 praedae
597 2954 809 3029 conficiendae,
832 2954 927 3014 leonis
950 2956 1044 3014 fames
1068 2957 1098 3014 et
1120 2953 1289 3013 teneritudo

272 3043 425 3102 animalis:
450 3041 609 3102 accedebat
627 3043 706 3102 enim
728 3043 877 3103 timiditas
897 3043 1011 3119 peeoris
1030 3047 1141 3103 natura
1159 3044 1290 3119 veniens,

273 3132 352 3208 quod
384 3133 480 3192 nescit
515 3132 643 3191 clamare
678 3133 749 3190 dum
777 3132 902 3208 petitur.
954 3151 1020 3192 ecoe
1050 3136 1164 3208 quanta
1194 3134 1290 3210 gloria

228 3234 254 3274 ao
272 3221 483 3295 Troianorum,
511 3224 659 3296 quantum
680 3221 862 3281 Rutulorum
883 3220 1056 3280 ludibrium.
1103 3224 1290 3297 conparatur,

273 3314 307 3368 ut
329 3310 443 3369 dictum
465 3311 524 3385 est,
546 3309 638 3369 Nisus
660 3310 740 3369 leoni
770 3313 802 3370 et
828 3310 934 3370 ovibus
956 3311 1072 3369 Rutuli.
1117 3327 1169 3369 aee
1194 3312 1291 3369 minor

272 3400 402 3473 Earpatt
432 3399 546 3469 caedes,
577 3400 713 3458 incensas
743 3403 769 3458 et
797 3401 860 3473 ipse
883 3401 1017 3474 perfurit
1044 3417 1080 3458 ac
1108 3400 1232 3458 maltam
1257 3401 1291 3458 ta

344 3569 484 3636 esaei-eat
501 3568 527 3622 V
550 3571 604 3624 -rc't
622 3568 665 3623 ed.
696 3568 699 3641 1
734 3571 842 3624 caetori
856 3568 882 3622 V
901 3586 970 3624 corr.
990 3570 1034 3624 ed.
1108 3576 1124 3624 6
1147 3571 1292 3624 locationis

272 3637 356 3692 Ved.
419 3646 451 3694 11
471 3646 687 3710 tommyramqae
701 3639 735 3694 V.
798 3646 832 3694 15
849 3640 935 3695 aedV
953 3642 1070 3710 saaace'
1088 3642 1130 3695 ed.
1195 3645 1228 3696 16
1247 3640 1289 3695 de

272 3712 361 3764 oictas
385 3726 436 3779 pro
461 3711 510 3766 deo
533 3714 621 3767 victas
634 3710 668 3766 V.
752 3717 784 3766 17
808 3729 890 3780 qaam
908 3711 933 3766 V
954 3730 1032 3781 quem
1055 3713 1098 3768 ed.
1173 3717 1206 3766 19
1231 3711 1282 3779 fu

272 3787 346 3904 raa}
360 3779 385 3834 V
383 3783 535 3905 tuc‘raaebaat
563 3783 605 3837 ed,
679 3789 714 3837 26
740 3789 898 3852 metamque
923 3791 997 3839 aneta
1024 3784 1103 3838 deest
1127 3785 1161 3838 in
1180 3783 1223 3850 V,
1244 3783 1282 3835 eu

273 3868 326 3920 exp
339 3867 383 3905 roa
432 3893 438 3906 .
