3142 4375
316 432 359 498 86
492 477 500 500 ,
600 429 741 485 DONATI
758 429 928 485 INTEBPR.
943 429 1053 485 VERG.

314 600 415 658 hiatus
438 600 536 658 terrm
559 601 743 676 conspiciens
768 598 973 674 altitudinem,
996 618 1031 658 ex
1054 616 1114 674 qua
1137 616 1195 658 nec
1221 600 1272 660 sol
1296 619 1349 662 nec

315 687 431 747 caelum
454 686 630 747 cernebatur
652 706 706 747 nec
728 690 818 747 terra.
864 690 1070 748 monstrantur
1092 687 1183 763 dixit,
1217 689 1280 750 hoc
1303 693 1349 751 est

314 776 468 855 opinione,
490 795 552 836 non
574 776 656 852 visn,
679 780 812 837 ceterum
829 777 902 837 haec
925 780 1051 837 novant
1072 777 1183 837 nullus.

384 866 447 926 Nec
463 866 564 926 minus
587 867 713 926 interca:
740 867 797 926 hoc
819 866 995 926 vorandum
1018 868 1076 941 est,
1099 866 1201 926 nteit
1226 866 1347 928 interea

313 973 373 1014 non
386 955 495 1017 minus.
532 959 689 1015 extremam
702 955 848 1015 Saturnia
866 957 938 1016 bello
953 956 1069 1029 inponit
1080 956 1186 1030 rapina
1199 973 1346 1017 mansan:
1368 973 1376 1014 s

312 1043 467 1104 recedente
490 1044 582 1104 Furia
608 1045 641 1103 in
664 1044 729 1105 eius
752 1063 857 1104 curam
883 1046 960 1104 Iuno
988 1043 1147 1104 succedens
1175 1046 1346 1123 complebat

315 1152 393 1210 quae
419 1134 475 1193 illa
502 1133 580 1193 forte
603 1134 642 1193 ad
669 1133 841 1193 satiandam
867 1134 998 1210 partium
1026 1132 1141 1193 cladem
1167 1129 1345 1211 inperfecta

313 1222 474 1283 dimiserat.
520 1221 636 1281 dixerat
662 1222 742 1281 enim
768 1221 846 1281 Iuno
874 1222 983 1281 Furiae
1007 1225 1045 1281 ut
1070 1221 1226 1283 recederet
1251 1227 1285 1284 et
1314 1244 1344 1285 se

312 1313 492 1389 promiserat
513 1312 681 1371 necessaria
704 1314 885 1372 curabmam.
930 1311 1041 1371 idcirco
1065 1311 1157 1371 dabat
1178 1311 1278 1375 rebus
1297 1333 1343 1374 ex·

312 1403 439 1460 tremam
452 1419 575 1460 manum
593 1401 649 1460 hoc
668 1407 714 1460 est
727 1402 949 1477 perfectionem.
980 1403 1111 1460 extrema
1129 1399 1210 1459 enim
1227 1402 1373 1463 dicituro

312 1491 345 1548 in
368 1490 483 1549 artibus
499 1509 605 1551 manus
628 1493 700 1567 post
722 1510 814 1566 quam
836 1490 912 1548 nihil
930 1490 966 1548 fit
984 1493 1015 1549 et
1032 1509 1079 1550 res
1097 1491 1260 1551 invenitur
1279 1510 1341 1553 esse

311 1579 452 1655 perfecta.
486 1580 613 1656 denique
628 1580 787 1655 sequentia
801 1577 1017 1638 consideranda
1031 1581 1102 1639 sunt
1115 1581 1145 1639 et
1161 1578 1341 1642 invenietur

312 1669 386 1744 quid
408 1669 556 1747 significet
578 1686 684 1728 manus
713 1672 846 1728 extrema
871 1686 962 1743 quam
984 1667 1060 1727 Iuno
1087 1668 1256 1745 imponebat
1285 1671 1340 1730 boc

311 1760 357 1817 est
384 1757 521 1817 addebat.
564 1759 637 1827 ruit,
666 1757 781 1833 inquit,
809 1758 905 1816 omnis
931 1758 965 1816 r'n
991 1759 1094 1817 urbem
1115 1761 1280 1830 paronam
1307 1776 1340 1819 aa

311 1848 373 1906 acie
399 1864 556 1906 numerus:
588 1848 737 1922 pastores,
766 1847 820 1923 qui
846 1846 961 1906 relictis
992 1846 1071 1922 agiis
1099 1848 1281 1925 congregati
1308 1849 1338 1907 iu
1352 1859 1369 1902 a

311 1937 405 1995 aciem
424 1936 558 2009 fuerant,
580 1935 687 1995 relicta
709 1935 813 1995 eadem
836 1937 899 1995 acie
921 1935 954 1994 in
973 1935 1105 1995 civitatis
1123 1935 1245 1995 moenia
1270 1955 1338 1997 con-

309 2023 452 2084 fluebant.
497 2024 562 2083 illic
592 2024 672 2082 enim
700 2023 804 2084 fuerat
829 2024 970 2098 Latinus,
1001 2024 1053 2101 qui
1082 2025 1197 2102 primus
1229 2028 1337 2086 contra

248 2111 435 2172 tttlunonis
454 2112 565 2172 fecerat
582 2113 778 2173 voluntatem.
821 2131 975 2187 caesosque
992 2117 1154 2187 reportant,
1175 2112 1336 2175 Almonem

305 2218 435 2276 puerunu
461 2203 625 2275 foedatique
652 2221 706 2263 ora
734 2204 873 2263 Galaesi:
905 2203 942 2264 ad
965 2203 1111 2264 invidiam
1133 2202 1209 2263 facti
1232 2208 1334 2281 porta·

310 2291 385 2350 bant
407 2291 498 2351 funus
516 2291 652 2352 Almonis
670 2294 769 2369 pueri,
794 2293 848 2369 qui
865 2294 970 2368 utique
988 2311 1043 2370 pro
1062 2294 1162 2352 aetate
1179 2293 1259 2352 nibil
1272 2294 1367 2354 talc!

309 2385 472 2456 meruerat,
506 2381 669 2442 offerebant
702 2381 823 2441 Galaesi
854 2382 962 2441 faciem
992 2381 1124 2460 indignis
1156 2382 1332 2443 vulneribus

311 2469 485 2546 adpetitam.
529 2472 733 2544 inplorantque
761 2472 845 2529 deas:
875 2470 1070 2547 inplorabant
1099 2471 1169 2530 deos
1198 2470 1331 2551 indigni·

309 2559 382 2620 tatis
405 2560 528 2638 iudices,
550 2559 657 2636 quibus
681 2560 843 2637 sperabant
864 2558 1020 2635 displicere
1044 2577 1131 2636 posse
1150 2577 1230 2635 quae
1249 2581 1331 2640 pere·

309 2648 388 2727 grini
414 2648 447 2707 in
474 2648 552 2708 cives
583 2648 774 2708 admiserant.
821 2650 1055 2720 obtestanturque
1083 2649 1246 2709 Lattncem:
1275 2651 1331 2711 hoo

309 2741 354 2798 est
375 2737 533 2798 invidiosis
556 2737 677 2798 vocibus
700 2737 889 2812 lacerabant,
916 2737 997 2814 quod
1023 2736 1172 2798 malorum
1195 2739 1363 2799 omniums

307 2847 361 2904 per
379 2828 578 2887 Troianorum
600 2826 703 2887 foedus
722 2829 788 2903 ipse
806 2830 910 2886 auctor
927 2827 1079 2886 videretur
1102 2825 1252 2888 extitisse:
1275 2828 1329 2888 hoc

307 2916 469 2977 multitudo
489 2917 614 2976 confusa
632 2916 762 2976 faciebat
781 2921 812 2977 et
829 2918 948 2994 valgius.
981 2916 1103 2974 Turnus
1122 2916 1205 2976 adest
1221 2918 1329 2977 medio

308 3023 361 3077 que
387 3007 421 3064 tn
448 3007 569 3065 erimine
597 3006 694 3064 caedis
721 3010 748 3065 ct
773 3007 852 3081 ipnls
879 3010 1018 3064 terrorem
1046 3005 1222 3079 tupemtnat:
1254 3025 1329 3082 ecce,

307 3094 420 3171 inquit,
448 3097 540 3155 etiam
567 3094 687 3154 Turnus
718 3095 836 3169 aderat,
864 3094 949 3154 cuius
977 3094 1074 3153 maior
1100 3094 1202 3154 fuerat
1228 3113 1328 3171 causa,

307 3182 387 3242 idem
410 3184 582 3261 geminabat
609 3185 753 3242 terrorem
776 3204 866 3260 quem
888 3183 1019 3259 populus
1045 3182 1157 3242 fecerat
1178 3183 1363 3262 spondens*

308 3274 409 3332 omnia
436 3272 575 3332 caedibus
603 3275 634 3331 et
662 3272 799 3332 incendio
829 3273 972 3349 peritura.
1019 3272 1146 3332 Teucras
1173 3273 1208 3332 r'n
1235 3291 1329 3351 repna

379 3467 393 3515 l
413 3477 447 3516 ea
465 3477 520 3529 qua
538 3461 626 3515 solunt
644 3462 748 3516 caclurn
767 3461 929 3515 cernebatur
946 3477 980 3515 ac
998 3466 1073 3516 terra
1086 3460 1112 3514 V
1131 3459 1175 3515 ed.
1194 3464 1328 3531 corrupta

306 3548 366 3587 esee
393 3534 485 3601 patet:
514 3531 669 3586 emendavi.
747 3537 762 3584 2
789 3538 978 3586 monstrantur
1000 3531 1026 3584 V
1051 3533 1257 3589 accusabatur
1282 3533 1325 3588 ed.

306 3610 453 3659 amanum
472 3620 525 3658 om.
541 3602 575 3658 V.
648 3603 850 3670 21offerebant
868 3602 894 3655 V
914 3604 1082 3670 atterebant
1101 3603 1145 3657 cd.
1218 3609 1252 3658 22
1276 3605 1326 3660 ad·

302 3678 417 3744 petitura
440 3675 477 3728 V¹
490 3675 631 3741 foedatum
655 3673 698 3729 ed.
777 3679 811 3727 28
836 3675 909 3728 cedis
934 3681 960 3730 et
980 3677 1041 3744 ipnc'
1059 3674 1093 3741 V,
1117 3672 1167 3728 sed
1189 3672 1261 3729 Don.
1284 3676 1326 3730 its

304 3747 518 3816 interpretatur,
541 3748 575 3799 ut
597 3746 687 3800 caedis
706 3751 731 3800 et
748 3746 823 3814 ipnis
840 3753 968 3802 terrorem
991 3745 1168 3799 coniunxisse
1187 3744 1325 3815 videatur,

305 3816 486 3887 quamobrem
504 3818 579 3886 ipnts
598 3816 696 3885 scripsi
715 3833 778 3870 cum
798 3817 841 3871 cd.
916 3822 949 3870 30
967 3819 1041 3872 idern
1058 3817 1083 3869 p
1104 3823 1129 3870 et
1145 3816 1218 3870 wem
1236 3817 1280 3870 ed
