3142 4375
636 506 820 562 AENEIDOS
834 507 886 562 VH
1228 512 1273 578 95

248 677 393 749 signaque
414 676 492 748 ferre
514 676 599 734 ineat
619 676 788 747 sonitusque
806 676 912 736 andire
933 678 1085 736 tubarum:
1107 676 1139 735 in
1158 676 1272 736 deside·

249 767 331 824 rium
351 767 475 825 venerat
493 764 636 841 quicquid
655 764 814 824 constabat
832 765 969 825 omnibus
990 785 1052 826 esse
1074 767 1272 843 contrarium,

248 857 337 914 tanta
365 855 446 913 enim
468 855 514 913 vis
543 852 676 913 insaniae
705 853 776 927 fuit,
806 856 842 913 ut
869 855 995 915 adversa
1024 875 1078 932 pro
1109 855 1272 915 commodis

250 946 436 1020 optarentur.
481 942 608 1015 quinque
635 943 707 1002 adeo
729 959 857 1017 maginae
874 945 982 1016 positis
1003 945 1160 1004 incudibus
1184 947 1272 1005 urbes

215 1033 307 1092 stela
329 1036 454 1091 nocant:
482 1032 585 1091 tantus
608 1031 742 1091 bellandi
765 1051 849 1091 amor
870 1031 1045 1109 incesserat,
1067 1037 1103 1094 nt
1124 1034 1272 1110 plurimae
1282 1048 1334 1098 630

248 1121 338 1181 urbes
362 1122 393 1181 et
409 1139 537 1198 magnae
556 1120 662 1196 positis
681 1120 840 1182 incudibus
858 1122 1005 1182 novandis
1023 1123 1105 1198 telis,
1128 1124 1272 1199 quoniam

248 1213 351 1270 vetera
370 1228 433 1270 esse
452 1208 615 1285 desierant,
639 1229 761 1285 operam
779 1210 895 1270 darent.
931 1232 1089 1271 numerum
1107 1214 1138 1271 et
1154 1215 1271 1290 magni·

247 1299 385 1359 tudinem
403 1299 561 1359 civitatum
580 1298 733 1375 expressit.
766 1318 835 1359 cum
852 1319 922 1360 vero
935 1300 972 1359 de
989 1300 1149 1361 incudibus
1167 1302 1271 1379 loque·

247 1391 339 1464 retur,
357 1387 479 1447 modum
497 1389 603 1463 tacuit,
621 1391 656 1447 ut
673 1388 793 1449 infinita
811 1392 890 1449 esset
907 1390 1076 1450 aestimatio
1095 1410 1131 1450 ac
1148 1391 1271 1451 maioris

197 1477 389 1553 rependeris
412 1478 498 1537 fieret
520 1478 603 1555 quod
626 1476 745 1538 dicebat
765 1479 945 1555 tantumque
968 1480 1098 1539 telorum
1120 1480 1186 1538 fieri
1208 1498 1270 1539 cre·

248 1566 369 1626 deretur
382 1570 531 1643 quantum
545 1566 684 1645 exigebat
692 1568 928 1643 tot'populorum
937 1568 1086 1627 confluens
1095 1569 1269 1628 multitude.

250 1654 406 1734 subiungit
427 1656 563 1733 ipsarum
581 1656 701 1715 urbium
719 1656 842 1715 nomina
860 1676 930 1716 oum
947 1658 1061 1717 virtute
1080 1676 1115 1716 ac
1132 1660 1270 1733 potentia

249 1762 314 1820 sua,
332 1764 368 1803 ne
388 1747 476 1822 quasi
493 1745 620 1805 humiles
639 1764 700 1804 non
718 1746 838 1805 tanturn
858 1765 966 1822 parare
983 1745 1157 1806 viderentur
1175 1766 1270 1823 quan·

247 1836 315 1892 tum
337 1834 521 1913 fulgentibus
540 1834 667 1894 catervis
690 1834 792 1893 fuerat
809 1834 1021 1895 necessarium.
1056 1834 1152 1895 Atina
1164 1841 1270 1909 petens

198 1923 398 1999 restemque
433 1925 603 1997 superbum,
640 1920 744 1982 Ardea
781 1922 1018 1998 Crustumerique
1051 1929 1077 1984 et
1107 1926 1270 2000 turrigerae

246 2010 428 2073 Antemnae:
450 2015 523 2072 haec
546 2013 670 2071 fuerunt
687 2013 811 2072 nomina
834 2014 1001 2075 civitatum.
1039 2012 1184 2090 [nemina
1207 2020 1270 2075 tuta

246 2105 355 2161 canant
380 2100 526 2177 capitum]
552 2104 724 2174 flectuntque
746 2103 881 2177 seliquas
902 2105 1063 2163 umbonum
1085 2105 1188 2173 eratis,
1216 2105 1270 2164 alti

246 2191 383 2252 thoracas
406 2210 495 2252 aenos
518 2197 570 2251 aut
593 2193 664 2251 leuis
686 2209 787 2251 ocreas
807 2194 882 2252 lente
900 2193 1012 2253 ducunt
1029 2198 1162 2269 arpenta:
1180 2195 1269 2254 facie-

245 2279 334 2357 bant,
357 2281 470 2358 inquit,
494 2281 548 2340 alii
570 2281 672 2359 galeas
696 2283 842 2357 scutaque
865 2282 1051 2358 formabant,
1078 2283 1133 2342 alii
1159 2284 1268 2344 umeris

198 2383 228 2425 ao
245 2369 397 2445 parabant
413 2369 611 2446 munimenta,
634 2369 772 2446 pedibus,
796 2374 832 2429 ut
849 2372 922 2432 haec
941 2371 1033 2432 etiam
1050 2372 1268 2449 pulchritudini

246 2461 359 2534 essent,
389 2462 512 2537 argento
540 2459 730 2519 decorabant.
775 2463 900 2520 commis
926 2461 983 2520 buc
1010 2465 1037 2520 et
1057 2462 1146 2534 saleis
1168 2462 1329 2531 honestat

245 2548 303 2607 nuc
329 2549 425 2607 omne's
454 2549 550 2608 aratri
577 2550 662 2612 cesset
688 2567 788 2608 amor:
820 2569 885 2610 ecoe
914 2551 1012 2627 qualis
1041 2552 1172 2610 amentia
1201 2552 1267 2610 uni-

245 2655 401 2696 versorum
433 2638 598 2715 agrestium
628 2640 743 2698 mentes
773 2643 974 2715 oppresserat,
1004 2641 1041 2698 ut
1068 2640 1267 2700 instrumenta

245 2726 387 2786 curandis
420 2729 600 2803 praeparata
632 2726 779 2787 fructibus
813 2732 844 2788 et
873 2730 1047 2788 cunctorum
1076 2729 1170 2788 saluti
1199 2748 1266 2806 pro·

197 2829 225 2872 ss
244 2815 350 2875 futura
376 2815 408 2875 in
441 2834 490 2875 eas
523 2817 635 2891 species
669 2818 822 2876 mutarent
854 2837 929 2894 quae
962 2817 1127 2876 adimerent
1158 2818 1265 2877 vitam!

244 2923 313 2965 ecce
331 2908 446 2981 quanta
464 2904 599 2964 confusio
618 2907 649 2963 et
667 2908 799 2982 quantus
817 2905 850 2965 in
868 2906 1004 2965 omnibus
1025 2909 1122 2966 terror
1140 2909 1266 2982 quanta·

244 3012 304 3071 que
327 2993 396 3053 laus
418 2992 538 3052 Aeneae
568 2996 658 3070 atque
682 2993 893 3054 Troianorum:
921 3014 1007 3054 omne
1034 2996 1148 3054 ferrum
1170 2999 1266 3055 verte·

243 3082 336 3142 batnr
358 3084 391 3141 in
419 3082 550 3160 gladios,
581 3086 611 3143 et
637 3102 746 3159 parurn
775 3084 836 3144 fuit
863 3084 1005 3162 quicquid
1034 3084 1264 3146 inaestimabilis

243 3171 374 3231 formido
398 3172 545 3247 dictabat,
569 3171 612 3231 sio
635 3173 736 3231 omnia
755 3174 943 3233 culturarum
961 3173 1096 3233 subsidia
1115 3192 1265 3234 consume-

199 3273 225 3315 so
243 3260 369 3337 bantur,
392 3263 428 3320 ut
454 3260 611 3339 praesagio
640 3262 771 3338 quodam
799 3264 932 3321 omnium
959 3262 1022 3321 iam
1048 3265 1266 3324 monstraretur

242 3349 386 3411 interitus
405 3353 437 3409 et
456 3352 614 3426 appareret
630 3369 679 3410 eos
694 3350 732 3410 ad
752 3370 892 3411 arvorum
910 3351 1082 3411 exercitium
1100 3372 1265 3429 numquam

316 3543 334 3591 4
351 3539 513 3605 incudibus,
527 3537 558 3591 in
571 3536 688 3607 interpr.
703 3539 843 3593 inentibus
857 3538 890 3593 V.
946 3545 979 3594 14
997 3541 1167 3610 fugientibus
1180 3539 1206 3593 V
1220 3540 1263 3594 ed.

243 3608 289 3676 ful
305 3610 412 3665 enttbus
426 3627 476 3665 nos
491 3609 526 3664 ef.
538 3615 589 3663 626
605 3612 633 3663 et
648 3615 673 3676 8,
684 3614 743 3664 593.
790 3615 823 3664 16
837 3612 1037 3680 tegmina-17
1048 3613 1171 3680 capitum
1185 3611 1264 3666 deest

244 3679 275 3733 in
316 3721 323 3746 ,
338 3680 388 3734 sed
402 3681 567 3749 explicatur.
620 3686 654 3734 18
668 3687 781 3750 argento
795 3681 858 3734 finis
872 3681 1013 3737 lemmatis
1027 3682 1058 3736 in
1071 3682 1097 3736 V
1110 3684 1262 3738 comens-

243 3767 323 3807 amer
337 3751 402 3806 add.
413 3753 456 3806 ed.
508 3756 542 3805 20
557 3753 760 3821 pedibus-21
775 3753 942 3809 decorabant
959 3771 1015 3809 om.
1029 3755 1076 3809 ed.
1124 3760 1166 3807 ‘aa
1173 3755 1275 3807 buc-

244 3827 279 3877 23
297 3823 480 3879 instmmmta
498 3823 608 3879 omed.
681 3827 714 3878 25
734 3823 821 3881 easV
841 3827 953 3885 castili
972 3827 1019 3885 ed.
1093 3819 1288 3880 astemus

243 3909 319 3947 error
334 3893 375 3946 ed
448 3899 484 3948 29
496 3896 622 3963 formido
639 3896 666 3953 V
682 3898 824 3967 fortitudo
845 3901 892 3958 ed.
