3142 4375
668 495 853 552 AIINEIDOS
867 495 932 551 VIII
1248 496 1312 563 153

294 666 426 742 positum
445 668 505 741 est;
526 662 654 724 informe
672 666 753 724 enim
771 682 834 723 una
856 680 926 741 pars
946 666 991 723 est
1009 662 1153 724 orationis
1173 666 1204 723 et
1221 664 1313 742 signi·

293 754 365 813 ficat
386 755 469 813 ultra
492 754 615 815 solitam
637 754 779 828 formam,
801 754 838 812 ut
858 753 916 813 iste
941 753 1087 830 qualitate
1116 756 1228 812 ceteras
1251 754 1311 812 for-

293 861 358 903 mas
387 843 540 903 videretur
569 843 716 902 excedere.
768 842 890 919 exponit
917 842 980 902 iam
1009 842 1082 917 quid
1110 842 1151 901 sit
1170 842 1312 903 informe:

293 937 439 1005 nequeumt
460 932 569 1007 expleri
587 931 678 990 cordo
695 931 801 990 tuendo
818 932 957 991 terribilis
974 932 1080 1001 oculos,
1098 932 1212 989 cultrum
1229 933 1312 990 utilo-

263 1039 383 1097 asuque
405 1022 494 1081 suetis
512 1025 633 1095 pectora
655 1021 785 1095 semiferi
807 1024 893 1094 utque
915 1021 1053 1080 extinctos
1069 1021 1208 1093 saucibus
1224 1021 1311 1095 icum.

293 1129 359 1170 ecce
381 1110 461 1169 unde
484 1110 626 1169 informe:
649 1108 721 1186 quia
744 1108 836 1168 etiam
852 1111 990 1170 mortuus
1009 1111 1164 1170 oculorum
1182 1110 1311 1169 terrifico

292 1200 388 1260 omnIs
417 1199 601 1259 formidabat
630 1199 753 1273 obtutu,
781 1198 885 1259 uultus
916 1200 981 1275 ipse
1012 1201 1119 1276 plenus
1152 1198 1310 1259 sceleribus

293 1288 459 1366 apparebat
489 1293 520 1348 et
548 1286 627 1346 illud
656 1306 762 1365 gerens
791 1288 874 1365 quod
902 1288 990 1348 vivus
1019 1287 1179 1363 habuerat,
1202 1289 1311 1349 villosa

291 1378 415 1437 fuerunt
443 1379 566 1454 pectora
594 1378 658 1437 eius
686 1379 791 1455 utpote
813 1377 957 1452 semiferi,
981 1378 1095 1437 cunetis
1119 1378 1219 1436 autem
1243 1397 1311 1436 cum

248 1484 274 1525 ro
292 1466 394 1527 omnia
417 1468 482 1526 eius
503 1466 647 1525 miraculo
669 1467 780 1542 essent,
802 1468 870 1525 tum
891 1466 988 1543 magis
1012 1466 1092 1542 quod
1115 1485 1182 1525 cum
1210 1468 1311 1526 anima

292 1555 355 1615 eius
388 1554 527 1614 incendia
559 1574 678 1632 quoque
710 1555 977 1615 considerabuntur
1009 1557 1150 1615 extincta.
1197 1572 1231 1614 eu
1260 1556 1309 1614 illo

293 1644 452 1702 celebratus
474 1644 564 1704 boues
585 1642 727 1720 [laetum
747 1645 876 1703 miuores
898 1661 1050 1703 seruauere
1073 1642 1181 1719 diemJ:
1204 1664 1239 1701 ex
1256 1644 1331 1715 illo,

292 1734 425 1809 tempore
444 1752 504 1809 quo
522 1733 568 1793 his
586 1732 674 1793 terris
693 1735 838 1794 securitas
857 1734 938 1793 facta
957 1735 1003 1793 est
1015 1732 1184 1792 honoresei
1200 1733 1310 1791 decreti

292 1825 365 1881 sunt
381 1823 412 1880 et
430 1821 611 1882 celebratum
628 1822 729 1901 digms
746 1822 889 1882 laudibus
911 1824 1039 1897 factum,
1063 1824 1214 1882 serratum
1238 1840 1309 1897 quo·

247 1926 273 1968 ra
292 1929 350 1987 que
373 1931 427 1987 per
448 1911 586 1988 minores,
610 1912 691 1988 quod
708 1931 768 1971 non
786 1914 901 1972 frustra
918 1913 1018 1971 fuerat
1035 1912 1216 1970 instItutum.
1243 1912 1309 1983 pri-

289 2017 412 2073 musquc
437 2000 562 2061 Potitius
589 2005 691 2060 auctor
718 2005 745 2060 et
771 2002 875 2060 domm
896 2002 1037 2059 Herculei
1063 2005 1158 2060 custos
1180 2001 1309 2059 Ptuuriu
1319 2012 1372 2062 2¹10

289 2090 467 2149 caeritum
489 2108 576 2150 urum
598 2090 662 2149 luco
684 2091 799 2159 statutt,
823 2107 898 2162 quae
918 2092 1051 2149 maximo
1069 2107 1182 2162 seraper
1199 2090 1310 2149 dicetur

289 2179 373 2238 uobis
403 2183 429 2239 et
457 2180 513 2239 em't
540 2197 616 2253 quoe
644 2180 777 2240 mammo
803 2197 931 2252 seraper:
960 2179 1075 2256 primus
1107 2179 1185 2239 hunc
1216 2179 1309 2239 rItum

288 2266 421 2328 Potitius
445 2267 528 2328 dedIt
550 2271 581 2329 et
602 2268 793 2328 Pinariorum
821 2268 926 2329 domus
954 2269 1031 2328 hanc
1059 2287 1143 2328 aram
1167 2269 1308 2343 condidit,

245 2373 272 2414 ao
290 2375 350 2432 qua
372 2357 488 2417 nullam
508 2357 653 2418 habemus
672 2359 821 2435 potiorem
838 2377 893 2416 nec
911 2357 969 2417 erit
987 2358 1048 2417 alia
1065 2361 1185 2435 praeter
1202 2360 1308 2435 ipsam.

289 2463 380 2518 quare
403 2447 486 2521 cpite,
510 2464 527 2506 o
549 2448 677 2517 iuuenco,
701 2452 853 2507 tactorum
874 2448 908 2505 iu
925 2465 1045 2506 muuere
1064 2448 1187 2506 laudum
1206 2448 1309 2522 otupc'te
1373 2475 1375 2480 .

287 2535 394 2607 froude
415 2552 513 2595 comus
532 2537 681 2611 etpocutu
699 2537 813 2610 perpete
832 2537 941 2596 deutris
960 2553 1193 2608 communemque
1210 2539 1371 2595 uocutea'lo

288 2623 376 2682 deum
404 2628 431 2683 et
459 2625 526 2684 dote
547 2627 624 2685 *uiua
652 2624 794 2684 uolentes:
822 2643 931 2684 munus
962 2625 1073 2684 dicitur
1102 2644 1172 2683 cura
1204 2626 1307 2684 unius·

288 2711 430 2790 cuiusque
452 2713 498 2773 rei
519 2713 716 2791 perficiendae
737 2713 871 2790 inposita
889 2733 957 2775 eum
974 2714 1151 2774 necessitate
1170 2713 1307 2773 faciendi.

243 2816 271 2858 aa
289 2800 334 2861 alt
362 2821 433 2881 ergo
466 2805 610 2879 quoniam
641 2804 712 2862 huic
743 2804 896 2864 interestis
927 2804 1047 2862 muneri
1077 2805 1107 2861 et
1144 2802 1308 2861 amicitiam

287 2893 421 2951 nostram
444 2910 529 2951 saera
547 2893 615 2969 ipsa
633 2891 805 2967 iunxerunt,
822 2892 977 2952 nobiscum
995 2894 1101 2952 vocate
1120 2910 1308 2951 communem

287 2979 381 3039 deum.
437 2999 624 3040 communem
653 2981 727 3040 bene
756 2982 903 3058 positum,
932 2985 968 3040 ut
995 2981 1165 3040 ostenderet
1193 2999 1224 3039 se
1253 3000 1307 3055 per

286 3069 527 3129 coniunctionem
549 3071 702 3130 foederum
730 3072 858 3129 mixtum
888 3089 951 3131 esse
981 3069 1131 3144 Troianis,
1161 3070 1210 3128 vel
1238 3067 1305 3129 ideo

285 3177 481 3234 communem,
505 3159 576 3234 quia
599 3178 689 3235 supra
713 3179 748 3217 ex
770 3178 899 3236 persona
921 3160 1038 3218 Aeneae
1063 3158 1193 3218 ostendit
1215 3161 1307 3236 poeta

239 3263 267 3302 ro
284 3246 393 3307 Troiae
417 3249 448 3307 et
470 3247 619 3308 Arcadiae
641 3250 770 3325 populos
788 3248 894 3307 iisdem
911 3248 1087 3325 parentibus
1106 3249 1232 3325 genitos.
1275 3250 1305 3307 et

284 3335 354 3396 date
372 3338 445 3397 vina
463 3338 606 3414 volentes,
624 3337 656 3396 id
674 3340 720 3396 est
738 3356 808 3396 arae
827 3337 931 3396 vinum
948 3331 1108 3412 infuddite‚
1126 3357 1194 3396 cum
1217 3337 1306 3396 deum

283 3444 391 3485 vocare
418 3427 584 3503 cooperias.
631 3425 748 3486 addidit
771 3429 872 3485 autem
894 3428 1041 3502 volentes,
1069 3427 1139 3503 quia
1162 3427 1305 3504 obsequia

356 3597 446 3651 tiata
464 3595 507 3651 ed.
573 3596 922 3664 'tomuisformidubutV
941 3597 984 3651 ed.
1004 3596 1039 3651 cf.
1057 3602 1140 3652 v.13.
1205 3601 1305 3650 tcum

282 3668 462 3722 onmia—11
476 3668 607 3723 iuceudta
625 3669 693 3722 mut.
710 3667 752 3720 ed.
820 3673 853 3721 12
873 3668 1110 3737 laetique-diem
1128 3668 1208 3722 deest
1225 3666 1256 3720 in
1269 3666 1306 3733 V„

283 3737 333 3792 sed
352 3737 517 3806 explicatur.
579 3743 612 3792 16
632 3739 763 3793 Herculei
781 3755 835 3793 om.
849 3737 883 3794 V.
944 3745 977 3794 17
996 3740 1196 3794 dicetur-ab
1209 3752 1318 3803 semper

281 3810 348 3878 post
365 3809 469 3865 lemma
486 3811 591 3879 repetit
604 3808 630 3864 V
644 3826 697 3866 om.
713 3809 756 3867 ed.
771 3826 832 3868 nos.
884 3817 920 3868 aa
938 3810 1135 3886 permultat-
1184 3813 1224 3862 ab
1243 3819 1340 3875 W

282 3881 335 3937 lost
349 3881 451 3936 tudem
467 3880 494 3935 V
508 3897 575 3937 corr.
596 3881 639 3940 ed.
