3142 4375
641 503 893 559 nnnnmosvn
1235 508 1279 573 21

258 672 386 748 capnos
414 690 582 733 conmanere
611 689 743 741 messos,
773 676 836 731 tom
866 687 987 746 sperare
1017 672 1117 731 desnos
1148 672 1282 745 defessus

256 765 352 839 itique
373 767 513 822 memento
534 764 636 837 prima
662 762 757 821 locare
777 780 872 821 manc
893 762 1047 835 molirique
1069 778 1172 836 oppcrc
1194 765 1282 820 tecto:

257 872 326 913 cum
345 852 384 912 od
401 853 516 931 ignote,
533 852 642 927 inquit,
660 852 829 927 perveneris
847 851 915 910 locs
937 854 968 909 et
990 854 1153 911 extremam
1170 850 1281 910 famem

256 941 349 1002 fueris
377 960 483 1017 passus
510 944 541 1000 et
568 960 634 999 eam
658 959 735 1016 quse
756 941 788 999 te
811 943 901 1018 coget
923 940 1016 998 etiam
1039 958 1138 999 sacros
1161 958 1281 999 mensas

225 1031 412 1106 sinvedere,
434 1031 497 1090 illic
520 1048 607 1106 spere
629 1032 807 1106 perpetuam
828 1028 976 1106 requiem,
998 1028 1062 1089 illio
1079 1028 1281 1089 firmissimam

257 1121 370 1194 sedem,
397 1140 467 1179 mox
494 1119 622 1195 denique
649 1117 810 1196 adgredere
833 1117 1099 1177 fundamentorum
1121 1120 1227 1194 coepte
1250 1119 1282 1176 et

256 1209 478 1270 institutionem
508 1209 666 1267 domorum
694 1207 833 1267 felicibus
863 1207 1006 1283 auspiciis
1035 1206 1160 1284 suscipe.
1210 1207 1281 1265 hacc

258 1304 322 1358 crat
342 1299 396 1357 illo
418 1300 527 1371 fomes,
551 1297 622 1355 hoec
643 1313 696 1355 eos
718 1314 858 1371 supremo
877 1298 1016 1356 monetet
1033 1297 1129 1355 cottiis
1143 1296 1281 1370 positura

256 1388 390 1447 rreodwm:
433 1405 545 1463 magne
580 1386 766 1445 confirmatio
801 1386 983 1461 animorum,
1015 1386 1137 1445 illorum
1167 1384 1281 1444 seilicet

211 1494 239 1533 ro
258 1496 334 1555 quos
364 1478 422 1535 iste
451 1475 628 1533 turbaverat
653 1493 750 1534 cesus.
791 1475 885 1534 fomes
908 1476 981 1549 isto,
1009 1476 1123 1551 inquit,
1149 1474 1281 1550 optando

257 1565 361 1642 potius
384 1565 484 1623 fuerat
507 1582 599 1640 quem
621 1563 796 1639 metuends3
823 1565 907 1623 venit
934 1565 1014 1623 enim
1041 1584 1108 1623 curn
1130 1564 1281 1623 melorum

259 1655 394 1713 omnium
411 1653 470 1711 fine
493 1656 523 1712 et
544 1673 656 1729 parvae
674 1652 861 1713 necessitatis
884 1654 1006 1711 horrore
1025 1653 1158 1712 adversis
1182 1653 1280 1712 solitis

258 1742 419 1801 terminum
442 1741 532 1802 dedit.
576 1745 633 1802 hoc
656 1744 698 1803 sic
721 1744 856 1818 positum
878 1743 937 1816 est,
968 1746 1005 1801 ut
1033 1743 1152 1820 signum
1179 1742 1280 1818 potius

259 1831 398 1891 videntur
427 1850 488 1891 esse
522 1851 614 1907 quem
644 1850 751 1908 poena.
808 1831 874 1908 quis
904 1850 965 1890 non
998 1834 1117 1908 optaret
1147 1831 1280 1889 inediam

214 1923 364 1996 ntalem,
397 1941 474 1998 quae
505 1922 670 1996 praeterita
702 1921 783 1979 mele
815 1921 997 1998 propelleret
1028 1923 1059 1979 et
1090 1920 1281 1979 securitatem

257 2012 378 2087 plenem
410 2011 570 2087 sponderet
603 2010 635 2068 in
671 2009 848 2087 poscerent
896 2027 987 2082 oreore
1020 2010 1095 2084 cpite
1127 2013 1154 2068 et
1181 2010 1280 2082 primo
1292 2021 1344 2070 130

258 2102 327 2159 loeti
354 2118 420 2160 eom
447 2100 557 2158 lumine
584 2100 655 2158 solis
687 2116 762 2172 quac
790 2100 854 2158 loco
881 2100 966 2171 qctce
992 2099 1121 2158 leobeoot
1141 2099 1279 2166 homines,

257 2192 309 2250 cot
330 2191 447 2250 omento
467 2191 562 2264 pectis
588 2191 760 2264 oedtpcmos
784 2194 810 2247 et
832 2208 852 2249 o
868 2193 961 2262 porto
987 2189 1106 2248 diverso
1131 2194 1281 2262 potamos:

258 2280 355 2339 securi
376 2281 412 2339 de
435 2282 581 2357 perpetue
609 2280 727 2355 requie,
757 2297 827 2337 mox
849 2282 885 2337 ut
907 2278 953 2337 sol
981 2278 1128 2338 crastinus
1152 2277 1280 2353 fulserit,

214 2381 240 2419 2⁰
257 2370 331 2428 haec
359 2387 496 2448 egemus:
525 2368 713 2444 exploremus
738 2370 836 2445 primo
861 2386 937 2443 quae
960 2367 1027 2427 loca
1050 2370 1134 2443 sunt,
1156 2369 1213 2428 hoc
1235 2370 1284 2426 est

260 2459 375 2532 qualis,
406 2459 496 2533 quive
526 2457 639 2516 hebent
667 2457 816 2531 homines,
845 2456 972 2515 humani
1002 2456 1116 2515 seilicet
1147 2476 1186 2514 on
1215 2455 1281 2530 feri,

259 2548 382 2621 propter
409 2545 554 2605 novitatis
583 2547 711 2621 incerte,
741 2546 790 2605 vel
811 2546 864 2604 ubi
887 2547 948 2605 sint
970 2545 1104 2622 ipsorum
1126 2546 1281 2604 hominum

260 2635 391 2708 moenie,
418 2654 476 2710 quo
505 2636 653 2711 possimus
683 2654 701 2693 e
729 2638 821 2711 portu
849 2634 1010 2694 deflectere.
1055 2652 1136 2693 senc
1160 2638 1281 2707 poteras

261 2723 348 2781 litote
370 2722 437 2780 Ioci
456 2724 648 2797 precibusque
670 2728 769 2782 vocate
793 2722 944 2782 Anchiseo
969 2724 1127 2798 portitorem
1157 2728 1184 2781 et
1209 2724 1282 2781 cino

215 2823 241 2863 lt
260 2811 390 2884 reponite
420 2813 544 2871 messis:
578 2812 706 2887 interes,
746 2816 910 2889 antequem
946 2812 1006 2871 diei
1039 2812 1164 2871 alterius
1196 2814 1281 2870 sotus
1365 2828 1367 2830 ’

260 2902 437 2975 adventent,
460 2919 538 2960 nunc
561 2902 664 2961 vinum
687 2901 847 2961 fundemus
870 2901 983 2978 peteris
1006 2900 1073 2962 Iovi
1091 2901 1140 2959 vel
1162 2899 1282 2958 honori-

259 2991 332 3049 ficos
354 3008 455 3066 preces
474 2991 556 3066 petri
574 3009 649 3064 meo,
672 2990 787 3049 duobus
806 2989 922 3049 scilicet
940 2991 1111 3050 auctoribus
1131 2989 1211 3067 signi
1228 3008 1282 3064 per

261 3079 342 3156 quod
366 3078 586 3139 securisumus
610 3080 721 3154 effecti3
739 3097 810 3137 nam
833 3081 864 3137 et
886 3079 939 3154 qui
960 3079 1051 3139 iussit
1073 3083 1104 3138 et
1121 3099 1175 3156 per
1192 3099 1282 3155 quem

259 3170 341 3228 iussa
359 3169 426 3245 ipse
443 3169 561 3244 perlate
575 3171 645 3228 sunt
662 3168 694 3227 in
712 3168 825 3226 honore
838 3168 968 3226 maximo
983 3167 1074 3245 p1imi
1087 3187 1150 3228 esse
1164 3168 1281 3227 debent.

215 3268 242 3308 ³⁰
261 3261 292 3317 et
313 3257 419 3318 vinum
445 3257 555 3317 mensis
578 3259 727 3334 reponite:
750 3259 787 3316 ut
809 3259 950 3332 poterent
967 3258 999 3316 in
1021 3257 1089 3333 ipso
1110 3259 1228 3316 laetitia
1252 3261 1283 3315 et

261 3349 360 3406 essent
382 3348 446 3407 solo
469 3348 592 3406 interim
614 3348 685 3406 vino
707 3347 774 3422 ipso
798 3345 944 3420 contenti,
965 3347 1108 3422 qnoniam
1127 3347 1214 3421 ponis
1233 3345 1282 3404 de·

333 3540 481 3590 tmoccom
494 3533 528 3589 V.
580 3540 613 3588 12
631 3534 780 3590 torrorcV
798 3536 866 3589 leet
883 3534 927 3588 ed.
976 3533 1283 3589 tosuntettobestV

261 3605 304 3661 ed.
333 3622 390 3660 non
417 3606 536 3672 correxi,
565 3621 736 3675 quemquem
763 3607 822 3661 sint
850 3606 989 3674 sequitur,
1019 3608 1135 3674 propter
1162 3605 1282 3659 similem

261 3676 354 3731 locum
373 3681 398 3744 9,
414 3683 473 3731 667.
538 3683 570 3731 21
591 3679 681 3746 puiset
698 3677 724 3732 V
743 3693 812 3732 corr.
832 3678 876 3731 ed.
940 3683 974 3731 23
991 3694 1132 3746 possemus
1149 3675 1176 3730 V
1197 3679 1286 3746 possi-

261 3765 322 3803 mus
343 3748 387 3802 ed.
460 3754 494 3802 24
515 3750 652 3804 anchisem
670 3747 704 3814 V,
729 3749 778 3802 sed
796 3749 872 3803 infre
890 3751 919 3803 et
937 3747 1013 3804 oliti
1026 3749 1063 3803 in
1076 3748 1207 3814 interpr.
1226 3760 1307 3795 -sem

262 3824 297 3873 26
314 3836 391 3874 neore
407 3817 434 3872 V
451 3820 501 3874 tec
521 3820 563 3875 ed.
593 3821 598 3893 l
632 3822 674 3876 oct
692 3818 718 3873 V
737 3820 782 3878 ed.
807 3824 859 3878 out
884 3829 910 3880 et
934 3821 1150 3894 corrigendum
1168 3812 1329 3870 eumon-

254 3890 415 3958 prees'busce
429 3889 532 3960 legisse
547 3894 696 3963 putandus
717 3898 771 3956 est.
