3142 4375
667 472 894 527 rememosx
1224 475 1290 542 343

273 638 485 715 reymberqee,
521 640 674 700 simillima
705 641 805 715 proles
840 641 1001 701 indisereta
1035 643 1099 701 suis
1132 645 1291 717 eretusque

266 730 444 803 parentibus
462 746 558 789 error:
580 728 655 790 duos
678 748 798 807 quoque
816 730 926 790 fratres
944 731 1017 790 dieit
1034 750 1126 790 manu
1143 730 1290 791 Pallantis

272 817 414 879 eeeidisse
444 818 547 878 Deueo
576 820 663 895 petm
692 838 752 878 uno
782 818 878 878 editos
907 823 1012 896 partu,
1041 819 1086 880 ite
1113 820 1233 895 similis,
1256 824 1291 880 ut

271 908 408 984 ipsorum
436 908 529 966 etiem
557 910 718 986 parentum
744 908 942 967 intentionem
973 912 1060 987 grato
1091 928 1190 969 errore
1221 927 1290 970 eon·

240 996 444 1071 sfunderent‚
473 996 537 1057 feto
568 998 642 1073 quin
669 997 761 1056 etiem
783 998 864 1075 peri3
891 998 1014 1058 illorum
1037 1000 1148 1075 quippe
1171 1000 1207 1057 ut
1229 1017 1290 1057 uno

271 1084 436 1163 eodemque
457 1089 609 1145 momento
632 1087 771 1163 provenit
794 1089 927 1162 exortus,
953 1088 999 1147 ita
1024 1090 1185 1165 utrumque
1212 1106 1290 1147 unus

272 1176 370 1235 exitus
394 1175 425 1233 et
447 1175 569 1234 vivendi
589 1175 657 1235 finis
681 1175 858 1252 absumpsit
907 1177 987 1235 hune
1014 1178 1172 1254 utriusque
1199 1178 1289 1237 inter·

270 1262 350 1323 itum
371 1265 496 1340 propter
513 1263 634 1324 leudem
651 1264 775 1325 vietoris
794 1266 918 1341 speeieii
936 1265 1135 1342 descriptione
1158 1265 1291 1343 signavit

270 1353 329 1414 hoe
356 1352 460 1433 modo:
490 1357 522 1413 at
549 1371 629 1413 neree
657 1354 736 1413 dwra
765 1354 844 1414 dedit
871 1356 953 1414 vobis
982 1354 1155 1414 discrimina
1176 1355 1290 1415 Pelles.

226 1460 253 1500 m
270 1441 413 1503 neseendi
436 1441 558 1520 quidem
579 1462 683 1517 unum,
704 1443 815 1520 inquit,
836 1444 920 1503 vobis
938 1443 1040 1503 extitit
1056 1446 1184 1520 tempus,
1202 1462 1290 1520 peres

269 1530 395 1592 venistis
417 1530 450 1589 in
472 1532 581 1609 lucem,
605 1531 718 1593 similes
741 1551 877 1609 corpore,
904 1532 1025 1592 vivendi
1048 1551 1167 1609 quoque
1190 1533 1289 1591 eondi-

270 1621 545 1695 eioneeoniuneti,
568 1620 620 1681 sed
642 1639 735 1700 genus
758 1622 813 1681 leti
835 1622 985 1681 diversum
1007 1621 1092 1681 vobis
1115 1621 1217 1681 Pelles
1243 1623 1289 1680 in·

268 1710 349 1770 flixit
371 1712 402 1769 et
425 1708 613 1787 separatione
636 1709 853 1787 suppliciorum
877 1711 953 1769 dure
971 1710 1043 1770 feeit
1060 1711 1092 1769 in
1110 1711 1177 1787 ipse
1194 1713 1289 1771 morte

270 1798 434 1860 dissimilis.
472 1799 546 1858 dicit
567 1798 629 1857 iem
652 1800 802 1876 quomodo
826 1799 976 1859 diversum
997 1801 1030 1857 in
1054 1798 1197 1859 ambobus
1220 1818 1289 1878 sup·

226 1903 253 1944 rs
270 1888 396 1965 plieium
414 1887 486 1948 fuit:
505 1886 594 1964 [nem
612 1888 678 1957 eet,
698 1889 850 1963 Vtymbre,
870 1892 958 1963 eaput
974 1888 1153 1948 &taetrius
1171 1889 1290 1948 abstulit

270 1974 382 2053 ensis]
411 1981 438 2037 te
469 1978 568 2037 derisa
598 1994 699 2047 semen,
730 1977 858 2047 Laride,
889 1978 1008 2038 dextera
1037 1979 1158 2053 quaerit.
1213 1978 1351 2037 alternet

270 2068 376 2143 ceput,
399 2066 476 2127 elter
494 2066 645 2126 dexteram
663 2066 807 2141 perdidit,
829 2065 881 2125 sed
899 2067 1016 2127 sbseisa
1035 2067 1155 2127 dextere
1173 2085 1290 2144 eorpus,

270 2155 350 2217 unde
380 2156 486 2217 evulsa
516 2156 628 2231 fueret,
658 2175 799 2232 quaerere
829 2156 995 2217 videbatur.
1049 2157 1289 2231 semianimesque

270 2246 382 2306 micaret
403 2246 487 2320 dieite'
507 2246 676 2319 ferrumque
702 2249 876 2305 retractant:
901 2246 1061 2306 morientes
1089 2246 1172 2306 illius
1200 2246 1289 2325 digiti

226 2351 254 2391 re
270 2334 469 2395 movebantur
490 2337 661 2394 recusantes
684 2335 811 2409 ferrum,
834 2335 916 2410 quod
938 2338 1038 2395 tenere
1061 2355 1121 2395 non
1140 2339 1281 2413 poterent
1343 2362 1345 2365 ·

270 2425 401 2485 treetere
429 2426 475 2483 est
501 2423 613 2483 ferrum
640 2427 740 2483 tenere
768 2428 800 2484 et
825 2443 974 2502 pugnare,
996 2428 1159 2485 retrectare
1188 2428 1290 2485 eutem

264 2515 380 2584 ⁴reicere
415 2517 446 2572 et
478 2531 624 2573 recusare.
680 2514 753 2572 heee
787 2512 846 2572 fuit
880 2512 1021 2590 supplicii
1054 2512 1226 2588 diversitas,
1255 2517 1291 2573 ut

270 2621 349 2662 unus
372 2621 500 2680 poenam
522 2602 638 2662 dederit
660 2601 772 2678 eapite,
796 2604 872 2662 alter
895 2601 1011 2662 abscisa
1034 2602 1141 2661 obierit
1159 2603 1288 2662 dextere.

270 2689 410 2752 mcaeas
439 2708 574 2751 accensos
605 2693 716 2750 memte
746 2695 772 2750 et
798 2691 959 2764 praeclara
988 2693 1094 2750 tuentis
1121 2693 1204 2765 faeta
1231 2693 1290 2750 viri

226 2796 253 2837 rs
269 2781 380 2840 mutes
409 2780 491 2840 detor
520 2784 547 2839 et
570 2780 670 2854 pedor
704 2785 802 2839 armet
834 2781 867 2838 in
900 2781 1004 2840 testis:
1047 2780 1192 2855 Arcades,
1229 2780 1290 2857 qui,

270 2873 306 2931 ut
337 2887 429 2945 suprs
459 2868 609 2944 meminit,
641 2869 772 2946 pedestri
803 2889 907 2948 pugne
938 2872 1050 2929 certare
1075 2888 1134 2928 non
1159 2873 1290 2945 nossent

270 2958 420 3019 Pallantis
442 2978 515 3018 voee
538 2977 573 3018 ee
595 2958 698 3033 fectis,
721 2958 823 3018 dolore
847 2957 937 3018 simul
960 2962 990 3018 et
1008 2961 1147 3034 respectu
1164 2958 1290 3036 pudoris

271 3046 389 3108 areensi
411 3051 494 3121 sunt,
516 3050 552 3107 ut
573 3048 703 3123 hostem,
732 3068 821 3124 quem
848 3047 963 3106 dudum
988 3048 1164 3122 timuerent,
1190 3066 1290 3124 perse-

272 3139 442 3214 querentur.
475 3155 541 3196 eeee
564 3139 711 3214 quantum
733 3137 894 3213 proficiunt
913 3138 1104 3197 hortamenta
1122 3137 1289 3213 verborum,

227 3241 254 3282 re
272 3243 341 3285 eum
363 3225 443 3286 vims
466 3225 614 3286 timiditas
637 3226 764 3303 frangit,
783 3228 931 3301 quantum
949 3225 1038 3304 erigit
1056 3226 1154 3305 segnis
1174 3227 1289 3286 eliense

271 3315 394 3376 virtutis
424 3315 604 3391 exemplum!
637 3314 785 3374 audiendo
818 3314 923 3374 dueem
955 3319 985 3374 et
1017 3315 1214 3375 adolescentis
1245 3317 1289 3374 in·

344 3510 359 3559 1
379 3504 500 3574 thymber
518 3520 588 3572 quae
605 3503 638 3558 R.
693 3510 710 3558 4
728 3521 820 3559 errare
833 3503 885 3557 VR
901 3502 968 3557 eo‘rr.
984 3522 1005 3558 r,
1062 3508 1076 3557 7
1096 3505 1248 3572 absumpsit
1264 3503 1290 3556 R

271 3575 368 3632 absum
385 3576 423 3630 sit
435 3574 469 3629 V.
498 3575 501 3646 t
530 3577 603 3630 hume
616 3574 667 3628 VR
685 3592 760 3630 meere
777 3576 821 3629 ed.
882 3580 915 3629 10
930 3576 1011 3644 paris
1024 3574 1083 3629 VR.
1139 3581 1171 3629 11
1190 3575 1291 3630 similis

271 3645 331 3700 VR.
394 3653 426 3701 12
446 3647 512 3702 laeti
524 3645 584 3700 VR.
646 3650 679 3699 15
697 3664 805 3701 nam—
817 3652 850 3699 16
865 3648 937 3701 ensis
955 3646 1035 3700 deest
1052 3646 1082 3700 in
1096 3646 1155 3712 VR,
1175 3645 1225 3699 sed
1244 3662 1289 3700 ex-

270 3717 403 3787 plieetur.
476 3723 510 3772 26
525 3734 624 3788 peyna
637 3716 688 3771 VR
705 3735 808 3788 meysa
827 3718 869 3772 ed.
888 3735 975 3772 mareu
993 3717 1035 3771 ed
1055 3720 1128 3785 post.
1196 3722 1229 3771 27
1248 3734 1289 3772 re·

270 3796 364 3858 speetu
378 3788 429 3843 VR
446 3790 554 3846 ratione
573 3789 616 3842 ed.
689 3794 724 3843 28
746 3791 897 3844 timeerrmt
918 3788 962 3843 ed.
1036 3793 1070 3842 30
1087 3791 1165 3843 eires
1175 3788 1237 3840 VR
1252 3789 1304 3838 em.

270 3862 343 3917 eires
362 3860 405 3916 ed.
417 3863 490 3929 pest.
560 3865 591 3914 ³1
612 3860 652 3916 ed
667 3861 831 3920 tulisceretie
843 3862 872 3918 R
888 3863 909 3919 h
928 3861 987 3918 det.
999 3879 1025 3916 r.
1039 3854 1287 3917 edetiseeetesV.
