3142 4375
658 462 909 519 nummosve
1250 468 1290 532 ῃ

274 633 396 707 peotans
419 631 559 693 hortatus
583 632 695 691 alienos
717 632 785 708 ipse
808 631 867 691 sibi
884 631 988 692 extitit
1005 632 1207 707 hortamento,
1225 634 1293 709 ipsa

273 720 439 796 inpellebat
461 721 501 781 ad
522 721 647 796 bellum,
671 720 751 797 quod
774 723 820 781 eet
837 722 943 797 prooul
961 722 1052 781 dubio
1077 720 1240 781 studiosius
1263 725 1293 781 et

271 810 304 868 in
337 809 443 870 offioiis
475 812 684 887 praecipuum,
721 810 876 870 voluntate
913 810 1011 869 faeere
1048 810 1165 888 aliquid
1202 829 1293 888 quam

271 902 411 958 ooaetnm
440 901 471 958 et
501 900 640 961 invitum.
685 898 827 958 dicuntur
858 918 966 959 oausae
998 919 1075 976 quae
1106 900 1293 960 iuventutem

231 987 369 1066 omagis
386 987 419 1047 iu
442 1007 527 1049 arma
549 990 784 1062 commoverant,
806 988 885 1047 bueo
907 989 995 1048 deeris
1016 990 1163 1063 europiam
1179 993 1294 1062 sermea

269 1082 366 1137 meoet
382 1081 468 1150 aeque
485 1079 633 1147 iuventae,
655 1078 733 1135 himo
751 1078 834 1136 atavi
850 1095 943 1151 repes,
967 1080 1045 1137 hane
1067 1079 1157 1137 claris
1175 1079 1294 1138 dariae

268 1168 373 1240 faetia·
390 1166 598 1243 unusquisque
616 1186 670 1243 pro
688 1166 810 1245 ingenio
824 1185 879 1226 suo
895 1166 1016 1226 dolebat
1032 1167 1180 1227 iniuriam
1190 1168 1293 1242 Turni,

274 1257 308 1315 in
336 1275 395 1333 quo
423 1256 546 1316 fuerunt
568 1256 668 1315 omnia
691 1274 767 1331 quae
790 1255 946 1332 inprobari
967 1276 1028 1315 nou
1050 1259 1185 1332 possent,
1209 1259 1292 1316 aetas

269 1344 404 1422 primum
430 1348 461 1404 et
487 1346 620 1421 eorporis
647 1344 745 1404 forma
772 1347 804 1403 et
830 1344 922 1405 fortia
949 1346 1013 1405 eius
1041 1347 1136 1421 faeta,
1163 1347 1220 1406 hoo
1247 1349 1293 1405 est

223 1451 249 1493 ro
269 1433 401 1511 probata
418 1432 515 1493 virtus
532 1436 565 1493 in
581 1434 719 1511 plurimis
732 1434 893 1510 triumphis
908 1436 939 1493 et
960 1434 1073 1513 gloriis.
1105 1437 1179 1494 haeo
1195 1435 1292 1512 ipsius

270 1523 397 1582 fuerunt
418 1522 553 1598 propria,
575 1542 653 1599 quae
672 1523 783 1582 diversi
804 1523 994 1582 mirabantur
1012 1527 1043 1583 et
1065 1524 1207 1583 dolebant
1229 1543 1292 1585 esse

272 1612 455 1687 eontempta.
478 1630 543 1671 eoae
557 1615 641 1672 extra
658 1614 768 1689 ipsum,
785 1614 888 1670 tamen
902 1612 941 1671 ad
959 1632 1028 1672 eum
1045 1614 1162 1690 generis
1175 1614 1292 1673 ratione

273 1699 469 1776 pertinentia:
490 1701 577 1777 huno,
599 1703 710 1777 inquit,
734 1701 818 1760 atavi
839 1720 937 1779 reges:
961 1703 1015 1779 qui
1037 1702 1157 1780 regibus
1180 1704 1291 1781 gaude-

272 1790 328 1848 bat
353 1791 432 1849 retro
462 1791 627 1850 maioribus
658 1811 719 1851 non
751 1789 855 1850 debuit
885 1791 958 1850 reioi
989 1794 1025 1850 ut
1053 1790 1207 1869 indignus,
1240 1793 1291 1851 sed

227 1891 254 1932 re
273 1880 418 1954 praeponi
440 1879 544 1940 oeteris
569 1883 600 1939 et
621 1879 767 1957 praeferri
790 1882 821 1939 et
838 1880 886 1939 vel
904 1881 1033 1940 maxime
1052 1881 1077 1941 is
1097 1882 1151 1957 qui
1168 1880 1290 1941 virtutis

273 1986 345 2027 suae
366 1968 498 2045 plurima
521 1970 657 2045 exempla
679 1971 884 2029 monstrasset.

342 2057 425 2116 Dian
448 2059 570 2117 Ternas
592 2060 719 2117 Rutulos
742 2060 852 2118 animis
875 2060 1039 2118 audaeibus
1057 2060 1159 2133 inplet,
1179 2057 1290 2118 Allecto
1301 2069 1353 2118 475

270 2148 303 2206 ia
317 2147 444 2207 Teucros
456 2146 566 2222 Stypiis
578 2164 610 2207 ee
628 2149 750 2208 ooaeitaeu
763 2149 836 2208 alia·
850 2151 1047 2226 posteaquam
1057 2149 1149 2209 Furia
1157 2149 1291 2208 Turnum

270 2237 414 2296 excitavit
435 2237 468 2296 in
489 2236 615 2312 bellum,
639 2240 730 2314 atque
753 2239 799 2297 ita
817 2238 933 2297 utiam
954 2257 1015 2297 uon
1033 2241 1129 2314 solus,
1152 2239 1204 2298 sed
1223 2258 1291 2298 eum

223 2339 252 2381 ro
270 2326 333 2385 suis
356 2324 540 2386 desideraret
562 2327 653 2401 exire,
675 2327 802 2402 reliquit
818 2327 927 2386 bellica
945 2328 1164 2404 disponentem,
1188 2328 1292 2387 debuit

270 2414 349 2474 enim
374 2416 466 2475 etiam
489 2415 613 2475 alterius
636 2415 731 2492 pertis
750 2418 854 2492 quieta
870 2418 1001 2476 turbare.
1047 2418 1172 2494 proinde
1191 2418 1289 2477 evola-

271 2505 318 2564 vit
340 2503 481 2568 adversus
505 2505 647 2579 Teucros,
670 2508 706 2564 ut
727 2505 775 2564 his
800 2524 918 2582 quoque
942 2525 1016 2583 quas
1040 2509 1142 2582 posset
1163 2506 1289 2566 insidias

269 2592 414 2653 tenderet.
459 2597 522 2652 erte
547 2612 626 2653 noea
654 2596 805 2668 speculata
835 2596 941 2664 boam,
972 2613 1031 2668 qua
1061 2597 1143 2654 litore
1167 2596 1290 2669 pulcher

268 2682 389 2741 insidiis
412 2700 555 2756 ausaque
577 2685 658 2756 feras
677 2685 810 2757 apitebot
825 2684 929 2743 leriae:
950 2684 1076 2743 nocendi
1095 2685 1209 2744 artibus
1227 2685 1290 2743 feta

223 2785 248 2828 re
268 2791 306 2831 ex
330 2771 484 2832 oooasione
503 2772 631 2848 arripuit
653 2777 772 2848 tempus
797 2776 827 2832 et
849 2774 948 2832 looum
970 2773 1003 2831 in
1027 2793 1085 2850 quo
1103 2773 1188 2832 Iulus
1211 2773 1290 2832 feras

247 2859 388 2941 'insidiis
415 2860 554 2938 agitabat
580 2864 611 2920 et
637 2880 735 2921 eursu.
782 2880 885 2922 oureus
913 2864 1045 2939 pertinet
1072 2863 1110 2920 ad
1137 2881 1229 2938 equos
1260 2865 1291 2921 et

269 2968 373 3024 osnes,
391 2949 519 3010 insidiae
538 2953 640 3009 autem
658 2951 696 3010 ad
714 2952 799 3010 retia.
830 2952 877 3010 iiie
895 2953 1023 3011 subitam
1041 2953 1164 3010 canibus
1177 2952 1290 3009 rabiem

270 3039 390 3112 Cocytia
411 3040 493 3113 oirpo
516 3041 602 3098 obieit
619 3045 645 3098 et
662 3044 728 3098 eote
747 3041 832 3098 narie
851 3042 989 3114 coatiapit
1006 3040 1105 3109 odere,
1123 3045 1156 3098 at
1174 3058 1290 3099 oeream
1300 3050 1352 3100 480

269 3128 406 3188 ardentes
429 3133 560 3202 opereat:
592 3130 631 3188 ad
657 3130 827 3187 naturalem
854 3129 968 3188 rabiem
995 3148 1103 3187 eanum
1126 3149 1187 3206 qua
1209 3130 1289 3189 feras

223 3232 247 3274 ro
267 3218 410 3295 persequi
432 3217 552 3277 fuerant
575 3219 657 3278 soliti
679 3219 817 3278 nocitura
844 3219 934 3277 Furia
960 3219 1070 3277 adiecit
1095 3223 1290 3297 augmentum

268 3325 319 3380 ao,
346 3324 383 3366 ne
406 3305 519 3365 animal
542 3310 688 3383 oportune
715 3309 916 3367 necessarium
937 3309 1037 3367 minus
1061 3307 1182 3368 obvium
1210 3309 1289 3367 oani-

343 3501 357 3548 1
372 3495 431 3563 ipae
444 3493 626 3563 inpellebatV
641 3494 684 3548 ed.
699 3496 793 3562 iperii.
809 3512 867 3548 nos.
933 3500 948 3548 3
967 3495 1057 3561 faeere
1066 3495 1092 3549 V
1102 3496 1230 3563 petiuef.
1246 3496 1289 3550 ed,

267 3573 285 3621 4
300 3571 423 3620 coactam
438 3572 463 3620 et
476 3564 636 3620 invidamV
650 3567 679 3620 oi
693 3572 718 3619 et
730 3583 792 3620 ewa
805 3573 878 3620 meta
892 3566 935 3619 ed.
983 3571 997 3618 7
1012 3568 1147 3622 iniuriam
1161 3566 1187 3620 V
1201 3584 1231 3620 -a
1245 3566 1289 3621 ed.

268 3643 303 3693 11
331 3638 470 3692 miraretur
495 3643 521 3692 et
545 3635 716 3691 dolebeetV
739 3638 914 3692 mirabantur
938 3644 963 3691 et
985 3639 1011 3691 d.
1036 3636 1079 3691 ed.
1159 3643 1193 3690 14
1218 3644 1290 3693 retro

267 3725 323 3763 om
345 3707 388 3763 ed.
462 3714 496 3763 15
519 3715 552 3762 at
574 3714 599 3763 et
621 3709 739 3762 maxime
757 3708 783 3762 V
803 3715 829 3763 et
845 3727 880 3762 m.
900 3709 944 3762 ed.
964 3715 989 3763 et
1006 3709 1048 3764 oei
1065 3726 1101 3762 m.
1120 3725 1184 3762 nos.
1209 3708 1223 3779 t
1248 3710 1300 3760 lete

267 3779 319 3850 qua·
336 3777 370 3832 V.
427 3781 571 3905 {apim
590 3796 646 3849 qua
663 3778 690 3833 V
708 3780 725 3836 l.
740 3795 794 3850 pao
812 3778 881 3835 libri
897 3779 987 3853 Verg.
1049 3787 1089 3836 ‘et
1107 3782 1170 3849 teto
1188 3796 1251 3832 om.
1268 3777 1320 3828 eb.

267 3856 304 3906 29
323 3856 453 3905 marrae
494 3893 500 3904 .

1362 3926 1366 3995 l
