3142 4375
653 478 838 535 AEN'EIDOS
852 479 904 533 VH
1244 482 1287 547 63

270 648 472 728 tellogendum
494 652 540 709 est
559 692 811 709 ............
830 650 982 723 sceptrum
999 649 1166 709 transcribi.
1208 648 1288 724 quod

269 742 370 800 autem
400 739 444 797 ait
472 740 520 798 tot
547 738 680 812 labores,
708 756 727 795 a
754 736 924 813 quantitate
951 733 1061 797 adiecit
1087 737 1204 814 pondus
1227 737 1288 798 dio-

267 829 358 905 tioni,
386 828 469 905 quod
498 828 542 887 ait
570 830 639 902 tua,
666 826 765 886 landis
793 826 858 886 loco
886 826 1104 903 accipiendum,
1127 827 1288 887 Dardaniis

268 936 339 978 vero
372 936 427 994 pro
461 917 609 991 convicio,
638 918 744 993 utpote
773 916 827 991 qui
857 933 913 975 sua
947 916 1147 993 perdidissent
1180 918 1212 975 et
1243 916 1288 975 in-

231 1023 248 1064 e
268 1006 377 1068 vadere
396 1008 540 1083 cuperent
558 1006 666 1064 aliena.
696 1004 806 1081 incipit
823 1004 939 1081 aperire
957 1006 1040 1081 quod
1057 1024 1150 1082 supra
1166 1025 1289 1084 genera·

268 1096 338 1155 liter
366 1097 478 1173 posuit.
521 1111 574 1153 rec
601 1095 654 1153 cccl
680 1095 862 1168 centuplum:
887 1114 939 1154 rex
961 1098 1016 1154 tuo
1039 1114 1154 1172 semper
1176 1095 1289 1154 auxilio

269 1187 300 1245 et
322 1185 424 1245 labore
448 1184 586 1243 defensus
609 1182 667 1243 tibi
685 1185 840 1243 tantorum
858 1185 1032 1244 meritorum
1049 1185 1114 1245 viro
1133 1187 1290 1260 tamquam

269 1274 407 1353 indigno,
429 1277 585 1348 tamquam
604 1271 692 1332 inerti
710 1273 896 1351 coniugium,
915 1274 971 1333 hoo
989 1277 1034 1334 est
1052 1293 1112 1333 non
1129 1295 1194 1333 rem
1211 1274 1290 1333 ludi-

269 1383 352 1424 cram
375 1365 433 1430 aut,
451 1363 561 1437 levem,
579 1361 632 1420 sed
649 1362 822 1440 coniugium
840 1365 944 1440 negat:
967 1382 1028 1423 non
1046 1363 1122 1422 dixit
1139 1382 1289 1441 sponsam,

223 1470 250 1510 ιο
270 1454 415 1531 quoniam
436 1452 524 1509 tanto
547 1450 667 1511 adfectu
689 1452 772 1529 apud
794 1450 938 1510 Latinum
961 1455 1016 1511 ant
1035 1453 1178 1512 Amatam
1200 1451 1289 1512 habe-

269 1543 375 1615 batur,
405 1538 492 1616 quasi
519 1540 582 1599 iam
609 1540 656 1600 illi
684 1540 853 1600 iunxissem
881 1542 976 1600 filiam
1005 1560 1099 1601 suam.
1151 1547 1176 1601 et
1203 1560 1290 1617 quoc-

271 1632 347 1689 sitos
373 1630 516 1703 emicuere
538 1630 617 1689 dotes
641 1632 781 1704 abnepot-
813 1648 879 1689 ecoe
902 1632 933 1689 et
954 1630 986 1688 in
1009 1631 1066 1690 heo
1088 1635 1173 1707 perte
1197 1634 1291 1692 satiat

273 1718 355 1794 quod
386 1718 551 1795 adserebat3
581 1719 657 1778 dixit
689 1720 769 1778 enim
799 1719 935 1778 Turnum
965 1719 1044 1778 dotis
1075 1738 1194 1795 quoque
1226 1740 1290 1780 esse

272 1824 483 1884 possessorem,
507 1826 542 1868 ao
564 1827 618 1885 per
639 1809 697 1868 hoo
719 1826 780 1867 non
804 1810 833 1866 ei
855 1827 994 1884 sponsam
1015 1808 1133 1885 negari,
1152 1808 1204 1867 sed
1222 1828 1290 1868 oon-

224 1912 253 1953 io
271 1898 385 1973 iugem,
407 1915 484 1973 quae
507 1898 608 1957 omnia
630 1917 691 1958 non
713 1898 788 1972 levi,
811 1898 863 1956 sed
886 1897 1052 1974 periculoso
1075 1898 1177 1956 labore
1201 1916 1290 1973 quae·

271 1988 368 2046 sisset.
413 1990 603 2059 munusque
625 1988 659 2045 ire
679 2003 804 2060 reperero
826 1988 977 2058 quaererer
999 1987 1093 2056 bees,
1120 1987 1201 2062 quod
1226 1990 1292 2046 erat

269 2076 450 2135 iniuriarum
468 2078 671 2153 augmentum,
690 2074 805 2134 scilicet
822 2076 980 2153 indignum
997 2076 1147 2151 praeferre
1165 2076 1291 2136 meliori.

268 2166 386 2235 inmte,
404 2166 531 2240 caprulis
549 2166 623 2238 offer
640 2169 674 2235 te,
693 2165 793 2234 lorice,
809 2166 939 2239 periclis,
960 2166 1138 2240 Tyrrhenos,
1157 2167 1177 2236 i,
1197 2170 1353 2231 sieroo425

269 2256 356 2324 coiea
379 2259 439 2328 lopo
458 2271 533 2328 poor
550 2255 692 2319 Latinos:
719 2254 793 2330 quid
815 2255 931 2331 profuit
951 2257 1062 2315 totiens
1086 2259 1116 2315 te
1139 2253 1291 2316 laboribus

223 2359 252 2400 so
270 2344 421 2403 obiectum
447 2345 479 2403 et
505 2343 647 2419 periculis
674 2345 735 2403 tuis
761 2347 871 2403 stratos
894 2363 957 2404 esse
981 2345 1172 2421 Tyrrhenos?
1218 2347 1292 2422 quid

269 2432 364 2493 Italos
392 2432 455 2492 otio
482 2434 592 2492 texisse
617 2431 783 2509 perpetuo?
828 2434 899 2492 hoec
922 2434 993 2493 odeo
1016 2436 1069 2494 tibi
1091 2452 1149 2504 me,
1169 2436 1292 2508 placella

271 2540 338 2581 cum
363 2527 444 2581 nocte
470 2522 593 2590 iucem,
623 2523 692 2594 epse
717 2523 822 2596 polum
850 2523 912 2595 fori
939 2525 1119 2596 beneolens
1147 2523 1292 2583 Saturnio

270 2611 370 2670 cocat:
401 2610 529 2686 denique
552 2630 621 2671 cum
638 2611 709 2670 haec
728 2612 802 2671 satis
820 2612 947 2689 indigna
965 2613 1165 2688 omnipotenti
1182 2614 1292 2672 Iunoni

270 2699 507 2777 displicuissent,
530 2700 619 2760 iussit
640 2700 827 2760 manifestari
850 2701 907 2759 tibi
929 2720 982 2777 per
1004 2721 1063 2776 mc,
1084 2723 1135 2776 ne,
1155 2703 1226 2761 dum
1248 2720 1291 2760 se-

224 2804 251 2845 se
270 2809 361 2850 eurus
378 2791 497 2848 noctem
516 2790 690 2848 continuam
708 2789 881 2848 dormiendo
900 2790 1039 2866 conteris,
1056 2810 1182 2868 regnum
1203 2790 1292 2849 simul

270 2881 302 2938 et
325 2878 507 2938 consortium
531 2878 639 2954 perdas
662 2879 771 2938 uxoris.
818 2879 894 2938 dixit
916 2881 1017 2939 omnia
1040 2899 1118 2954 quae
1140 2879 1292 2938 hominem

269 2969 388 3046 regium
418 2985 453 3027 ac
482 2969 590 3028 fortem
620 2968 728 3026 merito
759 2971 987 3028 commoverent.
1034 2967 1111 3027 dixit
1139 2967 1291 3028 laboribus

271 3058 334 3117 eiua
358 3057 489 3136 gratiam
511 3075 571 3115 non
595 3057 691 3116 solum
714 3075 775 3115 non
797 3057 902 3116 referri
919 3078 1024 3117 verum
1044 3059 1136 3116 etiam
1154 3057 1292 3117 intolera-

270 3147 363 3205 bilem
384 3145 529 3205 iniuriam
551 3147 677 3220 factem,
700 3145 784 3205 ouius
806 3146 987 3223 indignitate
1005 3147 1111 3205 merito
1130 3147 1245 3207 doleret
1263 3150 1293 3206 et

223 3250 253 3291 eo
270 3235 362 3310 Iuno,
394 3235 520 3294 inrisum
552 3235 666 3295 scilicet
696 3236 749 3310 qui
780 3237 895 3294 factum
925 3235 1081 3295 defendere
1112 3236 1231 3296 deberet
1262 3240 1293 3295 et

345 3374 359 3421 1
380 3375 420 3423 est
434 3375 569 3437 sceptrum
583 3368 609 3423 V
622 3370 679 3424 ed:
699 3369 809 3437 aliquid
823 3369 961 3424 excidisse
974 3372 1066 3438 patet,
1082 3370 1119 3423 ad
1134 3371 1292 3440 exemplum

272 3440 408 3494 similium
426 3440 552 3494 locorum
570 3440 616 3510 (of.
631 3447 656 3508 8,
668 3444 712 3509 74)
730 3448 762 3496 ct
780 3443 817 3496 eit
832 3444 939 3510 patiere
957 3442 1034 3508 focos
1053 3443 1171 3510 deborae,
1184 3445 1292 3511 patiere

272 3511 408 3580 suspicor.
463 3511 683 3580 cpcrdede'eseat
695 3512 728 3566 V.
780 3515 942 3581 beupireot
954 3512 987 3567 V.
1040 3518 1211 3582 ‘ltuenquam
1226 3516 1292 3568 ante

271 3584 388 3653 indique
407 3599 460 3636 om.
475 3583 519 3637 ed.
576 3587 609 3636 10
628 3591 682 3652 qao
696 3583 722 3638 V
736 3585 868 3653 quoewdo
883 3583 936 3638 OU
949 3585 993 3638 ed.
1012 3587 1143 3652 quereiam
1161 3585 1205 3640 ed.
1219 3588 1291 3653 post.

273 3659 306 3707 11
326 3655 462 3709 irmce'eset
479 3655 523 3709 ed.
577 3660 611 3708 14
629 3656 740 3724 coporis
753 3662 779 3710 ct
793 3655 819 3709 V
836 3658 934 3725 coecari
947 3663 973 3710 et
991 3656 1034 3710 ed.
1089 3661 1122 3709 lc
1140 3673 1254 3726 reqewm
1267 3657 1293 3711 V

270 3741 362 3795 repom
375 3724 419 3779 ed.
470 3731 504 3780 18
522 3727 614 3781 iente
627 3733 716 3782 uerae
730 3726 878 3782 om.Ved.
893 3727 958 3780 add.
973 3727 1019 3781 ed.
1032 3729 1111 3797 post.
1160 3733 1201 3781 ‘tt
1216 3729 1310 3782 oruat-

267 3797 377 3866 poteete'
394 3795 420 3850 V
437 3814 553 3867 mayaco
577 3798 620 3852 ed.
694 3802 727 3853 28
750 3800 861 3870 reppere'
878 3798 904 3855 V
927 3801 1034 3871 referri
1052 3818 1111 3856 noe
1132 3801 1262 3855 calutum
1278 3795 1332 3848 ab.

273 3869 429 3934 ecfertum
449 3867 474 3922 V
489 3869 532 3924 ed.
549 3877 687 3940 pactum?
705 3891 744 3930 an
763 3875 906 3933 Latium?

1375 3930 1382 4017 l
