3142 4375
651 508 916 563 nnnnmosmr
1233 511 1296 578 155

277 694 345 735 cum
362 676 444 735 leete
463 680 535 736 sunt
553 677 663 753 onmia,
676 672 700 756 †
713 679 749 736 ut
766 696 814 736 res
833 678 963 737 secunde
976 722 1297 737 ...............

278 809 374 825 .....
389 765 441 825 sed
455 784 599 842 prospera
613 769 728 825 suntet
742 811 749 826 .
764 812 771 825 .
787 813 793 825 .
809 813 816 825 .
832 811 839 824 .
854 812 861 825 .
875 767 953 825 hene
966 767 1060 844 igitur
1073 768 1209 826 laetitiae
1222 787 1297 825 nun-

276 854 352 913 tiem
373 853 407 912 in
430 854 582 931 speciebus
606 856 745 931 plurimis
768 855 905 915 ferebant
927 874 1089 915 sacrorum,
1135 857 1298 915 cumularet-

276 959 331 1018 ooc
352 945 481 1003 oneratis
505 945 640 1004 icombus
664 962 750 1004 oros:
773 945 876 1004 debuit
898 945 978 1004 enim
1004 946 1132 1022 repetito
1160 945 1298 1005 convivio

232 1051 259 1092 ⁴s
275 1031 432 1091 hominum
463 1032 555 1092 etiem
587 1034 704 1092 numini
730 1034 893 1093 secundum
921 1034 1054 1093 officium
1080 1036 1299 1111 repraesentari

274 1122 520 1181 honorificentiae
550 1123 711 1183 sollemnis.
757 1127 820 1181 troo
846 1124 917 1182 solii
944 1124 985 1182 ool
1007 1127 1126 1183 cantos:
1155 1125 1360 1185 seliomm285

275 1230 385 1269 nomen
421 1230 515 1290 genus
552 1212 759 1271 ministrorum
795 1212 954 1290 significat
1014 1214 1150 1286 populeis
1190 1214 1301 1273 odsuott

276 1300 382 1360 eoireeti
411 1305 542 1375 temporo
571 1302 679 1360 ramis:
709 1302 786 1359 dixit
813 1304 867 1379 qui
896 1302 1079 1376 dicerentur,
1109 1303 1182 1362 dicit
1208 1303 1300 1361 etiem

276 1390 529 1467 quemadmodum
552 1390 688 1449 coronati
709 1391 874 1451 venissent:
897 1394 991 1466 tecta,
1013 1391 1127 1467 inquit,
1149 1392 1301 1452 habebant

231 1498 258 1538 nc
275 1482 414 1555 tempore
436 1480 574 1555 populeis
597 1480 697 1539 remis.
742 1481 790 1538 ieie
811 1481 952 1539 iuvenum
974 1481 1091 1549 chorus,
1115 1481 1164 1540 illc
1182 1499 1300 1540 serron:

277 1568 328 1640 oui
357 1570 488 1628 carmine
519 1569 622 1627 leodos
650 1569 815 1627 Herculeos
845 1574 872 1627 et
893 1571 975 1644 facto
998 1570 1112 1642 ferum:
1141 1571 1236 1646 pertis
1261 1571 1300 1628 ed

278 1659 383 1715 centus
408 1661 558 1733 quaerunt
579 1676 640 1716 non
661 1660 761 1734 turpis
785 1661 839 1717 eut
862 1658 899 1717 ab
918 1658 993 1734 ipsis
1012 1676 1163 1717 sacrorum
1181 1660 1299 1718 sollem-

277 1744 423 1805 nitatibus
453 1747 567 1806 elienos
597 1766 651 1806 nec
680 1747 789 1805 humili
819 1750 874 1806 eut
902 1748 1033 1823 inperito
1065 1766 1199 1806 sermone
1231 1767 1299 1806 con·

278 1835 407 1910 positos,
434 1837 486 1895 sed
513 1837 644 1914 digestos
674 1854 742 1895 cum
770 1836 936 1896 doctissimi
963 1837 1104 1896 carminis
1132 1837 1300 1914 discipline,

233 1939 260 1981 ιι
278 1924 465 1983 honestatem
495 1944 614 2002 quoque
645 1944 712 1985 cum
742 1926 791 1984 dei
820 1926 1010 1986 veneratione
1042 1925 1192 1985 testantis,
1242 1925 1299 2001 hic,

279 2011 331 2087 eit,
353 2011 495 2073 iuvenum
518 2016 639 2089 chorus,
662 2015 715 2073 ille
738 2034 855 2074 senum:
878 2034 972 2091 usque
995 2015 1069 2075 adeo
1092 2015 1232 2093 religiose
1255 2035 1299 2075 se·

277 2101 475 2178 parabuntur,
498 2106 535 2162 ut
557 2122 639 2164 senes
664 2105 861 2164 consisterent
883 2124 918 2163 ex
939 2125 1001 2165 une
1022 2107 1122 2181 perte,
1146 2124 1221 2183 quos
1239 2124 1301 2163 non

278 2191 396 2252 deceret
421 2193 480 2252 nisi
507 2211 592 2253 sucre
620 2196 754 2270 cantare,
783 2197 814 2254 et
840 2196 962 2254 iuvenes
991 2215 1027 2253 ex
1055 2196 1129 2270 elia,
1154 2196 1208 2273 qui
1231 2213 1300 2256 suos

277 2283 405 2341 maiores
435 2283 635 2342 imitarentur.
691 2283 744 2360 qui
776 2283 906 2344 carmine
938 2285 1043 2344 laudes
1075 2285 1237 2344 Herculeas
1271 2288 1302 2344 et

234 2387 261 2427 ro
278 2371 360 2430 facte
382 2372 497 2430 ferunt:
520 2373 583 2430 iem
606 2372 720 2431 dictum
743 2377 790 2433 est
811 2373 906 2450 ipsius
930 2374 979 2433 dei
1001 2374 1094 2432 fuisse
1118 2375 1198 2451 quod
1217 2393 1301 2434 senes

279 2461 462 2545 iuvenesque
486 2461 658 2520 cantabant.
691 2463 773 2538 quod
796 2463 976 2541 generaliter
998 2464 1102 2539 posuit
1124 2464 1238 2539 laudes,
1257 2465 1301 2522 in-

279 2547 355 2624 cipit
377 2549 548 2624 specialiter
569 2551 679 2611 dicere:
702 2556 736 2610 ot
754 2553 857 2624 primo
883 2569 1024 2610 reooercoe
1050 2558 1182 2612 monstro
1208 2571 1302 2612 morio

277 2638 464 2712 pumicesque
495 2656 632 2712 premeres
669 2641 777 2699 eliserit
812 2642 928 2715 oneum.
987 2642 1055 2715 hoc,
1091 2642 1205 2716 inquit,
1242 2641 1303 2699 fuit

278 2727 412 2802 primum
433 2727 466 2785 in
489 2748 582 2804 puero
605 2731 728 2790 virtutis
756 2729 915 2804 indicium,
944 2729 1025 2805 quod
1052 2733 1203 2806 serpentes
1227 2730 1301 2788 duos

234 2829 260 2871 rs
279 2814 413 2894 singulos
437 2817 564 2894 singulis
587 2819 724 2878 menibus
748 2818 917 2878 constrictis
940 2818 1078 2878 faucibus
1096 2819 1223 2878 necavit.
1254 2819 1302 2878 hic

278 2904 474 2964 multiformis
508 2910 554 2966 est
585 2907 664 2984 leus3
697 2927 842 2986 magnum
873 2907 954 2966 enim
984 2907 1163 2967 miraculum
1196 2910 1242 2966 est
1270 2907 1302 2964 in

278 3012 373 3070 puero
405 2995 523 3053 nullum
554 3015 697 3071 pavorem
728 2998 834 3070 fuisse,
867 3017 927 3055 non
958 2996 1094 3056 timuisse
1123 2997 1156 3054 in
1186 2996 1302 3055 duobus

278 3083 428 3161 unguibus
452 3084 597 3143 maiorem
620 3087 810 3162 violentiam,
833 3087 938 3144 rudem
962 3085 1077 3145 scilicet
1099 3089 1130 3144 et
1151 3087 1303 3145 insuetum

352 3260 366 3306 1
386 3253 473 3308 verbe
490 3261 523 3308 ot
536 3286 569 3294 -
585 3260 600 3307 2
620 3261 646 3309 et
666 3258 798 3326 corrupte
817 3258 847 3310 et
864 3254 966 3308 mutile
985 3271 1046 3309 esse
1064 3256 1157 3324 petet:
1183 3255 1303 3310 fortasse

278 3330 310 3379 ot
334 3341 378 3380 ree
402 3326 538 3380 scowodoe
560 3341 618 3380 reon
637 3333 700 3394 post
723 3329 795 3382 olias
817 3328 952 3382 comendae
969 3327 1017 3381 sed
1032 3343 1178 3395 prosperae
1195 3335 1261 3382 soret
1278 3334 1305 3382 et

279 3396 374 3450 laetae.
426 3397 679 3464 ttonoririceretioe
693 3399 865 3453 sollemnisV
879 3399 949 3452 etit.
964 3415 1051 3452 causo
1064 3415 1085 3453 s.
1101 3399 1144 3452 ed.
1191 3405 1225 3452 10
1239 3399 1304 3452 huie

278 3483 330 3535 pro
348 3468 393 3522 liic
406 3467 441 3522 V.
493 3473 526 3519 11
542 3469 621 3536 parti
634 3467 660 3520 V
674 3471 767 3536 partis
780 3487 831 3524 nos
846 3476 943 3538 potres
957 3469 1000 3523 ed.
1053 3471 1220 3524 minnizin
1233 3469 1304 3525 otV

277 3539 394 3593 humiles
412 3545 462 3593 aot
485 3539 528 3592 ed.
554 3540 654 3593 humili
673 3546 723 3593 out
744 3557 803 3594 nos.
882 3546 915 3595 16
941 3541 1084 3610 relipiosos
1101 3542 1261 3609 parabatur
1278 3540 1304 3593 V

278 3610 408 3679 reiipiosc
422 3611 602 3678 parabantur
620 3610 664 3664 cd.
684 3611 809 3681 reliqiose
825 3612 1028 3680 separabantur
1046 3629 1104 3666 nos.
1174 3618 1208 3666 20
1226 3612 1304 3678 facto

277 3681 392 3748 fuerant
410 3680 436 3735 V
457 3683 478 3748 f.
498 3682 591 3748 foraret
614 3681 657 3736 ed.
694 3681 696 3753 l
732 3683 851 3749 defuisse
864 3685 890 3738 V
909 3684 955 3737 dei
972 3683 1059 3750 foisse
1076 3700 1127 3737 nos
1146 3684 1190 3738 dei
1208 3683 1304 3738 laudes

278 3751 363 3818 fied.
438 3758 470 3805 21
494 3754 591 3822 posuit
615 3753 710 3807 laudes
728 3752 755 3807 V
777 3755 827 3809 too
845 3761 884 3809 eet
905 3755 1044 3824 interpos.
1062 3755 1111 3809 ed.
1181 3760 1226 3806 Ἃ
1248 3753 1325 3804 dues

279 3839 334 3877 om.
354 3823 397 3877 ed.
461 3828 494 3877 25
513 3823 663 3895 cepeoitV
681 3826 811 3883 contrivit
830 3827 876 3884 ed.
939 3833 978 3884 ‘tt
997 3819 1270 3898 moenum—M
1294 3819 1345 3866 W

277 3909 353 3947 mere
368 3895 437 3948 mut.
458 3894 500 3950 ed.
