3142 4375
631 506 882 562 munmosvu
1220 508 1263 574 99

243 676 391 736 Heroules
420 676 479 735 iter
507 675 579 735 feeit
608 678 639 735 et
665 676 756 736 boves
780 696 799 735 a
820 676 941 735 flumine
964 674 1077 735 Hibero
1104 674 1264 752 perductas

244 766 407 843 Tyrrhenis
425 764 514 825 undis
533 764 640 825 abluit.
672 766 728 825 tali
746 785 853 843 genere
866 765 967 825 laudis
982 764 1143 824 Sallustius
1157 766 1264 841 plenus

244 857 304 933 est3
321 874 394 914 nam
411 856 442 913 et
459 855 524 931 ipse
541 854 654 914 multos
673 854 827 914 collaudat
845 872 880 914 ao
899 855 1041 931 deprimit
1054 854 1172 913 adieota
1185 855 1264 913 vitu·

243 944 409 1021 peratione.
451 943 518 1018 pilu
545 961 640 1002 mauu
670 960 829 1017 suevosque
855 948 960 1018 peruru
985 944 1018 1001 iu
1046 943 1121 1002 bello
1148 943 1266 1002 dobues

209 1038 271 1094 oet
292 1033 374 1093 tereti
391 1036 530 1107 puguant
550 1049 688 1091 ruuoroue
709 1050 837 1105 uuuque
853 1032 982 1092 Sabello:
1004 1050 1065 1090 non
1083 1031 1326 1109 significavitsbb

244 1140 314 1182 oum
326 1122 478 1182 Aventino
498 1120 615 1197 aliquos
630 1122 759 1197 venisse,
778 1122 843 1198 sed,
862 1140 931 1181 oum
949 1120 1022 1180 dioit
1039 1141 1150 1199 genera
1168 1139 1265 1180 armo·

242 1231 312 1271 rum
330 1213 361 1270 et
379 1213 489 1289 gerunt
507 1229 592 1269 arma
610 1213 640 1270 et
657 1214 807 1289 pugnant,
831 1210 962 1271 ostendit
979 1229 1039 1270 non
1057 1212 1155 1271 solum
1172 1211 1265 1270 fuisse

242 1301 444 1375 Aventinum,
474 1300 558 1359 ouius
587 1319 680 1377 genus
710 1304 741 1361 et
766 1319 864 1360 mores
887 1299 1040 1376 expressit.
1084 1302 1148 1373 ipse
1164 1300 1264 1373 pedes,

242 1390 367 1465 upmeu
395 1393 531 1462 mouens
560 1389 680 1449 inmane
712 1390 815 1458 ieouis,
849 1390 972 1448 terribili
1002 1390 1142 1462 iupeuum
1173 1394 1264 1458 suet,

194 1499 224 1540 ro
242 1495 311 1539 oum
337 1478 471 1537 dentibus
498 1478 575 1537 olbis
601 1479 723 1538 iudutus
750 1480 852 1553 cupiti,
881 1478 924 1537 sie
949 1479 1031 1552 regio
1053 1482 1126 1537 terto
1148 1479 1266 1537 subibat

240 1568 390 1637 torridus,
413 1567 614 1639 Herculeoque
635 1585 751 1627 umeros
773 1569 900 1626 iuueuus
922 1568 1045 1625 amictu:
1068 1570 1187 1643 praeter
1205 1567 1264 1645 sig-

241 1676 317 1716 num
343 1655 468 1733 hydrae,
499 1655 579 1731 quod
609 1657 729 1734 gerebat
756 1656 790 1715 in
819 1659 918 1731 scuto,
946 1658 1065 1731 opertus
1089 1656 1149 1714 fuit
1172 1655 1264 1715 etiam

240 1744 339 1805 leonis
366 1745 458 1822 pelle,
486 1745 621 1821 exemplo
648 1746 743 1821 patris
770 1746 910 1804 incedens
939 1748 1030 1821 atque
1057 1747 1092 1803 ut
1120 1747 1264 1804 terrorem

239 1834 416 1895 videntibus
439 1838 607 1912 spargeret,
634 1853 689 1894 nee
711 1836 803 1894 saetis
826 1834 886 1893 fuit
907 1835 1013 1911 aliqua
1036 1836 1101 1892 arte
1124 1834 1172 1893 vel
1194 1834 1263 1893 sub-

194 1942 221 1985 is
239 1923 356 1984 tilitate
379 1925 566 2001 conpositus,
590 1923 642 1983 sed
664 1943 734 1983 oum
755 1923 830 1999 ipsis
853 1923 991 1983 dentibus
1015 1926 1046 1982 et
1067 1924 1145 1982 riotu
1168 1923 1262 1981 leonis

238 2012 398 2089 horrebat,
420 2016 457 2073 ut
480 2012 531 2089 qui
554 2032 623 2071 eum
640 2014 756 2073 videret
774 2013 934 2071 Herculem
951 2015 1074 2090 putaret
1096 2030 1159 2072 esse
1177 2031 1263 2088 prae·

240 2105 370 2163 sentem.

315 2193 393 2251 Turu
413 2194 523 2267 peuriui
544 2195 654 2265 fratres
679 2193 812 2251 Tiburtia
839 2192 954 2250 moeruu
982 2192 1129 2264 linquunt,
1158 2193 1263 2264 fratris
1273 2201 1324 2251 670

240 2281 361 2341 Tiburti
383 2281 493 2340 diuum
511 2283 677 2356 oopuouiue
693 2285 819 2356 grutem:
842 2281 975 2358 geminos
995 2283 1048 2340 aut
1068 2281 1158 2340 simul
1176 2283 1263 2340 natos

194 2387 222 2430 ro
239 2369 320 2430 dixit
338 2373 397 2430 aut
420 2371 508 2445 duos,
535 2370 624 2429 sicuti
651 2370 788 2446 plurimis
815 2371 889 2429 loeis
916 2388 990 2429 usus
1018 2372 1064 2429 est
1090 2370 1147 2429 hoo
1174 2370 1262 2428 modo

240 2452 286 2542 (2,
303 2453 384 2541 203)
407 2460 543 2538 „gemini
566 2478 584 2518 a
607 2459 726 2519 Tenedo
750 2459 915 2534 tranquilla
944 2459 1097 2534 peralta,
1124 2459 1262 2519 horresco

238 2549 387 2624 referens,
416 2548 558 2608 inmensis
590 2549 709 2608 orbibus
740 2547 888 2625 angues“,
916 2549 991 2607 item
1014 2541 1060 2628 (6,
1075 2548 1154 2626 788)
1183 2548 1263 2622 „huo

239 2638 378 2717 geminas
397 2657 476 2697 nuno
493 2638 578 2697 fleete
598 2636 698 2697 acies“
717 2640 747 2697 et
766 2637 812 2718 (6,
824 2631 902 2717 190)
923 2638 1081 2714 „geminae
1101 2656 1169 2695 cum
1185 2638 1261 2695 forte

240 2726 420 2788 solumbae“
453 2730 483 2786 et
515 2720 564 2808 (6,
581 2722 661 2805 203)
695 2726 838 2804 „gemina
869 2745 959 2801 super
990 2726 1095 2785 arbore
1128 2724 1261 2785 sidunt“.

200 2831 224 2874 u
241 2815 425 2888 Catillusque
443 2833 565 2890 acerque
584 2814 685 2884 Coros,
704 2814 820 2890 Arpioa
837 2817 985 2884 iuuentus,
1005 2818 1032 2873 et
1043 2816 1177 2888 primaru
1195 2819 1262 2873 oute

240 2906 335 2965 odera
352 2905 446 2965 deuse
466 2907 543 2964 iuter
565 2906 623 2964 telo
639 2906 791 2978 fuuutur:
814 2903 941 2963 Catillus
960 2906 990 2963 et
1008 2903 1099 2963 Coras
1120 2903 1157 2962 ab
1171 2903 1262 2980 Argis

240 2994 383 3054 dueentes
407 2995 554 3072 originem
572 2998 771 3054 convenerant
789 2994 955 3070 pugnaturi
973 2996 1063 3052 tanta
1080 2991 1203 3066 fiducia,
1226 2996 1262 3050 ut

240 3084 312 3144 ante
334 3084 464 3159 primam
487 3085 581 3142 aoiem
599 3083 756 3143 constituti
774 3083 954 3142 densitatem
976 3102 1036 3142 non
1057 3081 1260 3142 formidarent.

240 3189 293 3232 eeu
315 3171 374 3232 duo
396 3174 572 3247 uubipeuoe,
601 3190 666 3231 euru
688 3174 792 3231 uertice
814 3173 920 3231 rueretis
943 3173 981 3231 ub
1004 3172 1062 3231 olto
1086 3171 1322 3230 deseeuduutbib

194 3278 222 3319 eo
241 3259 385 3321 Oeutuiui
402 3262 547 3320 Homoieu
567 3260 732 3336 Otbrpuque
753 3261 882 3320 riualem
905 3262 1077 3333 linquentes,
1101 3277 1190 3319 rursu
1211 3278 1261 3320 ru·

234 3350 310 3424 pido
328 3350 382 3409 dut
404 3352 538 3409 euutibus
560 3352 663 3425 iupeus
685 3352 762 3410 silua
785 3351 879 3409 ioruru
902 3354 928 3408 et
948 3367 1055 3424 ruopuo
1077 3349 1181 3408 eeduut
1201 3350 1260 3408 uir·

237 3438 324 3514 guita
349 3440 480 3514 fragore:
517 3440 560 3500 sio
586 3439 685 3514 ibant,
713 3439 826 3515 inquit,
855 3438 982 3498 Catillus
1011 3442 1041 3497 et
1069 3437 1160 3498 Coras
1189 3439 1261 3498 elati

239 3527 383 3606 superbia
401 3532 431 3588 et
448 3529 572 3588 fidentes
590 3528 702 3588 virtute
719 3528 824 3604 itaque
844 3527 1042 3603 apparebant,
1065 3530 1101 3586 ut
1120 3526 1261 3587 centauri

314 3686 331 3736 b
358 3683 497 3752 siguificat
524 3680 567 3734 ed.
652 3684 667 3732 9
697 3685 802 3750 tepmeu
829 3679 872 3733 ed.
954 3685 987 3732 13
1020 3686 1102 3748 utque
1134 3695 1190 3733 orn.
1216 3679 1266 3732 ed.

242 3758 277 3808 u
293 3758 435 3823 spargeret
447 3751 473 3806 V
491 3753 645 3807 immitteret
663 3751 706 3804 ed.
732 3751 736 3824 )
761 3752 845 3807 saeue
857 3750 884 3806 V
903 3753 973 3808 satis
991 3751 1037 3806 ed.
1112 3756 1153 3804 Ὦ
1166 3746 1275 3804 biao'i

240 3824 284 3891 (in
300 3826 381 3879 sexto
398 3824 462 3892 lure)
477 3824 524 3878 bie
540 3823 581 3877 ed.
646 3829 679 3879 26
699 3825 873 3898 eotbilusque
891 3824 930 3883 V.
994 3830 1032 3882 ‘ab
1049 3826 1222 3895 linquentes
1239 3819 1302 3871 eto.

237 3894 355 3948 mabri
368 3894 521 3948 seeundum
539 3895 658 3968 interpr.

1110 4004 1152 4061 el*
