<?xml version="1.0" encoding="UTF-8"?>
<!DOCTYPE html PUBLIC "-//W3C//DTD XHTML 1.0 Transitional//EN"
    "http://www.w3.org/TR/xhtml1/DTD/xhtml1-transitional.dtd">
<html xmlns="http://www.w3.org/1999/xhtml" xml:lang="en" lang="en">
 <head>
  <title>
</title>
<meta http-equiv="Content-Type" content="text/html;charset=utf-8" />
  <meta name='ocr-system' content='tesseract 3.04.00' />
  <meta name='ocr-capabilities' content='ocr_page ocr_carea ocr_par ocr_line ocrx_word'/>
</head>
<body>
  <div class='ocr_page' id='page_1' title='image "./tibericlaudidon00unkngoog_0151.png"; bbox 0 0 3142 4375; ppageno 0'>
   <div class='ocr_carea' id='block_1_1' title="bbox 661 500 1301 571">
    <p class='ocr_par' dir='ltr' id='par_1_1' title="bbox 661 500 1301 571">
     <span class='ocr_line' id='line_1_1' title="bbox 661 500 1301 571; baseline -0.002 -16"><span class='ocrx_word' id='word_1_1' title='bbox 661 500 846 555; x_wconf 75' lang='lat' dir='ltr'><strong>uiuamus</strong></span> <span class='ocrx_word' id='word_1_2' title='bbox 860 500 926 555; x_wconf 80' lang='lat' dir='ltr'><strong>via</strong></span> <span class='ocrx_word' id='word_1_3' title='bbox 1048 558 1052 571; x_wconf 58' lang='grc'><strong>,</strong></span> <span class='ocrx_word' id='word_1_4' title='bbox 1238 503 1301 570; x_wconf 88' lang='lat'><strong>141</strong></span> 
     </span>
    </p>
   </div>
   <div class='ocr_carea' id='block_1_2' title="bbox 239 667 1364 3515">
    <p class='ocr_par' dir='ltr' id='par_1_2' title="bbox 239 667 1364 3515">
     <span class='ocr_line' id='line_1_2' title="bbox 286 667 1304 746; baseline -0.002 -14"><span class='ocrx_word' id='word_1_5' title='bbox 286 675 431 733; x_wconf 84' lang='lat' dir='ltr'><strong>venerant</strong></span> <span class='ocrx_word' id='word_1_6' title='bbox 444 672 576 746; x_wconf 82' lang='lat' dir='ltr'><strong>Traiani,</strong></span> <span class='ocrx_word' id='word_1_7' title='bbox 590 673 643 730; x_wconf 88' lang='lat' dir='ltr'><strong>aut</strong></span> <span class='ocrx_word' id='word_1_8' title='bbox 656 670 777 730; x_wconf 88' lang='lat' dir='ltr'><strong>sublata</strong></span> <span class='ocrx_word' id='word_1_9' title='bbox 791 667 931 729; x_wconf 88' lang='lat' dir='ltr'><strong>satietate</strong></span> <span class='ocrx_word' id='word_1_10' title='bbox 943 669 1169 729; x_wconf 83' lang='lat' dir='ltr'><strong>interveniente.</strong></span> <span class='ocrx_word' id='word_1_11' title='bbox 1197 670 1304 731; x_wconf 89' lang='lat' dir='ltr'><strong>deinde</strong></span> 
     </span>
     <span class='ocr_line' id='line_1_3' title="bbox 286 758 1305 838; baseline -0.002 -17"><span class='ocrx_word' id='word_1_12' title='bbox 286 763 351 838; x_wconf 88' lang='lat' dir='ltr'><strong>ipse</strong></span> <span class='ocrx_word' id='word_1_13' title='bbox 374 761 472 822; x_wconf 83' lang='lat' dir='ltr'><strong>officio</strong></span> <span class='ocrx_word' id='word_1_14' title='bbox 491 760 563 820; x_wconf 92' lang='lat' dir='ltr'><strong>bani</strong></span> <span class='ocrx_word' id='word_1_15' title='bbox 579 759 707 835; x_wconf 86' lang='lat' dir='ltr'><strong>hospitis</strong></span> <span class='ocrx_word' id='word_1_16' title='bbox 726 760 847 818; x_wconf 82' lang='lat' dir='ltr'><strong>functus</strong></span> <span class='ocrx_word' id='word_1_17' title='bbox 866 758 1035 819; x_wconf 79' lang='lat' dir='ltr'><strong>conlocavit</strong></span> <span class='ocrx_word' id='word_1_18' title='bbox 1053 760 1148 819; x_wconf 89' lang='lat' dir='ltr'><strong>omnis</strong></span> <span class='ocrx_word' id='word_1_19' title='bbox 1166 760 1199 817; x_wconf 93' lang='lat' dir='ltr'><strong>in</strong></span> <span class='ocrx_word' id='word_1_20' title='bbox 1217 758 1305 819; x_wconf 90' lang='lat' dir='ltr'><strong>sedili</strong></span> 
     </span>
     <span class='ocr_line' id='line_1_4' title="bbox 286 848 1305 929; baseline -0.004 -18"><span class='ocrx_word' id='word_1_21' title='bbox 286 850 450 929; x_wconf 88' lang='lat' dir='ltr'><strong>graminea.</strong></span> <span class='ocrx_word' id='word_1_22' title='bbox 495 868 561 909; x_wconf 87' lang='lat' dir='ltr'><strong>eaee</strong></span> <span class='ocrx_word' id='word_1_23' title='bbox 583 868 644 908; x_wconf 90' lang='lat' dir='ltr'><strong>non</strong></span> <span class='ocrx_word' id='word_1_24' title='bbox 666 848 732 907; x_wconf 92' lang='lat' dir='ltr'><strong>fieri</strong></span> <span class='ocrx_word' id='word_1_25' title='bbox 754 849 909 925; x_wconf 80' lang='lat' dir='ltr'><strong>praecepit</strong></span> <span class='ocrx_word' id='word_1_26' title='bbox 929 850 966 907; x_wconf 91' lang='lat' dir='ltr'><strong>ut</strong></span> <span class='ocrx_word' id='word_1_27' title='bbox 994 848 1158 926; x_wconf 84' lang='lat' dir='ltr'><strong>longaevus</strong></span> <span class='ocrx_word' id='word_1_28' title='bbox 1186 850 1218 908; x_wconf 90' lang='lat' dir='ltr'><strong>et</strong></span> <span class='ocrx_word' id='word_1_29' title='bbox 1243 868 1305 925; x_wconf 81' lang='lat' dir='ltr'><strong>rex,</strong></span> 
     </span>
     <span class='ocr_line' id='line_1_5' title="bbox 286 937 1305 1017; baseline -0.004 -16"><span class='ocrx_word' id='word_1_30' title='bbox 286 940 338 1001; x_wconf 87' lang='lat' dir='ltr'><strong>sed</strong></span> <span class='ocrx_word' id='word_1_31' title='bbox 350 940 415 1017; x_wconf 87' lang='lat' dir='ltr'><strong>ipse</strong></span> <span class='ocrx_word' id='word_1_32' title='bbox 429 958 482 1017; x_wconf 89' lang='lat' dir='ltr'><strong>per</strong></span> <span class='ocrx_word' id='word_1_33' title='bbox 496 958 526 999; x_wconf 87' lang='lat' dir='ltr'><strong>se</strong></span> <span class='ocrx_word' id='word_1_34' title='bbox 539 937 738 997; x_wconf 86' lang='lat' dir='ltr'><strong>humanitatis</strong></span> <span class='ocrx_word' id='word_1_35' title='bbox 751 938 926 1013; x_wconf 87' lang='lat' dir='ltr'><strong>plenissima</strong></span> <span class='ocrx_word' id='word_1_36' title='bbox 938 938 1007 996; x_wconf 87' lang='lat' dir='ltr'><strong>iura</strong></span> <span class='ocrx_word' id='word_1_37' title='bbox 1021 937 1180 1014; x_wconf 81' lang='lat' dir='ltr'><strong>conplevit·</strong></span> <span class='ocrx_word' id='word_1_38' title='bbox 1207 938 1305 1013; x_wconf 75' lang='lat' dir='ltr'><strong>sedili,</strong></span> 
     </span>
     <span class='ocr_line' id='line_1_6' title="bbox 256 1025 1305 1108; baseline -0.002 -21"><span class='ocrx_word' id='word_1_39' title='bbox 256 1029 398 1107; x_wconf 76' lang='lat' dir='ltr'><strong>sinquit,</strong></span> <span class='ocrx_word' id='word_1_40' title='bbox 427 1029 594 1108; x_wconf 87' lang='lat' dir='ltr'><strong>graminea,</strong></span> <span class='ocrx_word' id='word_1_41' title='bbox 625 1026 767 1103; x_wconf 91' lang='lat' dir='ltr'><strong>quoniam</strong></span> <span class='ocrx_word' id='word_1_42' title='bbox 789 1026 822 1085; x_wconf 90' lang='lat' dir='ltr'><strong>in</strong></span> <span class='ocrx_word' id='word_1_43' title='bbox 845 1045 965 1086; x_wconf 86' lang='lat' dir='ltr'><strong>nemore</strong></span> <span class='ocrx_word' id='word_1_44' title='bbox 988 1026 1159 1087; x_wconf 78' lang='lat' dir='ltr'><strong>convivium</strong></span> <span class='ocrx_word' id='word_1_45' title='bbox 1186 1025 1247 1086; x_wconf 82' lang='lat' dir='ltr'><strong>fuit</strong></span> <span class='ocrx_word' id='word_1_46' title='bbox 1273 1029 1305 1085; x_wconf 91' lang='lat' dir='ltr'><strong>et</strong></span> 
     </span>
     <span class='ocr_line' id='line_1_7' title="bbox 285 1115 1305 1195; baseline -0.004 -16"><span class='ocrx_word' id='word_1_47' title='bbox 285 1120 364 1179; x_wconf 84' lang='lat' dir='ltr'><strong>ratio</strong></span> <span class='ocrx_word' id='word_1_48' title='bbox 382 1118 458 1178; x_wconf 90' lang='lat' dir='ltr'><strong>ritus</strong></span> <span class='ocrx_word' id='word_1_49' title='bbox 476 1118 572 1195; x_wconf 88' lang='lat' dir='ltr'><strong>ipsius</strong></span> <span class='ocrx_word' id='word_1_50' title='bbox 590 1115 712 1176; x_wconf 86' lang='lat' dir='ltr'><strong>sedendi</strong></span> <span class='ocrx_word' id='word_1_51' title='bbox 731 1135 821 1192; x_wconf 91' lang='lat' dir='ltr'><strong>quam</strong></span> <span class='ocrx_word' id='word_1_52' title='bbox 844 1115 1038 1175; x_wconf 79' lang='lat' dir='ltr'><strong>accumbendi</strong></span> <span class='ocrx_word' id='word_1_53' title='bbox 1060 1116 1305 1176; x_wconf 85' lang='lat' dir='ltr'><strong>consuetudinem</strong></span> 
     </span>
     <span class='ocr_line' id='line_1_8' title="bbox 285 1203 1304 1284; baseline 0 -19"><span class='ocrx_word' id='word_1_54' title='bbox 285 1208 405 1267; x_wconf 80' lang='lat' dir='ltr'><strong>fecerat.</strong></span> <span class='ocrx_word' id='word_1_55' title='bbox 457 1209 588 1267; x_wconf 85' lang='lat' dir='ltr'><strong>testatur</strong></span> <span class='ocrx_word' id='word_1_56' title='bbox 616 1206 673 1265; x_wconf 89' lang='lat' dir='ltr'><strong>hae</strong></span> <span class='ocrx_word' id='word_1_57' title='bbox 704 1205 804 1282; x_wconf 91' lang='lat' dir='ltr'><strong>ipsum</strong></span> <span class='ocrx_word' id='word_1_58' title='bbox 836 1203 929 1263; x_wconf 89' lang='lat' dir='ltr'><strong>etiam</strong></span> <span class='ocrx_word' id='word_1_59' title='bbox 960 1205 1020 1265; x_wconf 88' lang='lat' dir='ltr'><strong>alio</strong></span> <span class='ocrx_word' id='word_1_60' title='bbox 1048 1206 1113 1265; x_wconf 87' lang='lat' dir='ltr'><strong>loeo</strong></span> <span class='ocrx_word' id='word_1_61' title='bbox 1142 1204 1304 1284; x_wconf 88' lang='lat' dir='ltr'><strong>Vergilius,</strong></span> 
     </span>
     <span class='ocr_line' id='line_1_9' title="bbox 247 1286 1303 1376; baseline -0.003 -19"><span class='ocrx_word' id='word_1_62' title='bbox 247 1293 255 1310; x_wconf 74' lang='lat'><strong><em>⁶</em></strong></span> <span class='ocrx_word' id='word_1_63' title='bbox 287 1297 414 1373; x_wconf 90' lang='lat' dir='ltr'><strong>denique</strong></span> <span class='ocrx_word' id='word_1_64' title='bbox 435 1297 468 1355; x_wconf 89' lang='lat' dir='ltr'><strong>in</strong></span> <span class='ocrx_word' id='word_1_65' title='bbox 487 1297 613 1373; x_wconf 89' lang='lat' dir='ltr'><strong>septimo</strong></span> <span class='ocrx_word' id='word_1_66' title='bbox 636 1294 714 1353; x_wconf 90' lang='lat' dir='ltr'><strong>libro</strong></span> <span class='ocrx_word' id='word_1_67' title='bbox 739 1286 833 1376; x_wconf 76' lang='lat'><strong>(174)</strong></span> <span class='ocrx_word' id='word_1_68' title='bbox 856 1295 934 1353; x_wconf 90' lang='lat' dir='ltr'><strong>hana</strong></span> <span class='ocrx_word' id='word_1_69' title='bbox 957 1294 1060 1372; x_wconf 86' lang='lat' dir='ltr'><strong>tetigit</strong></span> <span class='ocrx_word' id='word_1_70' title='bbox 1081 1297 1212 1371; x_wconf 87' lang='lat' dir='ltr'><strong>partem,</strong></span> <span class='ocrx_word' id='word_1_71' title='bbox 1235 1312 1303 1354; x_wconf 86' lang='lat' dir='ltr'><strong>eum</strong></span> 
     </span>
     <span class='ocr_line' id='line_1_10' title="bbox 286 1382 1304 1461; baseline -0.002 -16"><span class='ocrx_word' id='word_1_72' title='bbox 286 1385 398 1445; x_wconf 83' lang='lat' dir='ltr'><strong>diceret</strong></span> <span class='ocrx_word' id='word_1_73' title='bbox 420 1385 498 1461; x_wconf 89' lang='lat' dir='ltr'><strong>„hoa</strong></span> <span class='ocrx_word' id='word_1_74' title='bbox 519 1385 581 1444; x_wconf 89' lang='lat' dir='ltr'><strong>illis</strong></span> <span class='ocrx_word' id='word_1_75' title='bbox 605 1384 689 1444; x_wconf 86' lang='lat' dir='ltr'><strong>auria</strong></span> <span class='ocrx_word' id='word_1_76' title='bbox 710 1384 866 1461; x_wconf 90' lang='lat' dir='ltr'><strong>templum,</strong></span> <span class='ocrx_word' id='word_1_77' title='bbox 888 1384 944 1442; x_wconf 89' lang='lat' dir='ltr'><strong>hae</strong></span> <span class='ocrx_word' id='word_1_78' title='bbox 968 1382 1060 1443; x_wconf 86' lang='lat' dir='ltr'><strong>saeris</strong></span> <span class='ocrx_word' id='word_1_79' title='bbox 1087 1383 1170 1443; x_wconf 90' lang='lat' dir='ltr'><strong>sedes</strong></span> <span class='ocrx_word' id='word_1_80' title='bbox 1198 1384 1304 1460; x_wconf 86' lang='lat' dir='ltr'><strong>epulis,</strong></span> 
     </span>
     <span class='ocr_line' id='line_1_11' title="bbox 242 1471 1303 1550; baseline 0.001 -20"><span class='ocrx_word' id='word_1_81' title='bbox 242 1490 269 1530; x_wconf 81' lang='grc' dir='ltr'><strong>ιο</strong></span> <span class='ocrx_word' id='word_1_82' title='bbox 285 1476 334 1535; x_wconf 88' lang='lat' dir='ltr'><strong>bia</strong></span> <span class='ocrx_word' id='word_1_83' title='bbox 357 1476 450 1534; x_wconf 92' lang='lat' dir='ltr'><strong>ariete</strong></span> <span class='ocrx_word' id='word_1_84' title='bbox 472 1493 557 1534; x_wconf 82' lang='lat' dir='ltr'><strong>caeso</strong></span> <span class='ocrx_word' id='word_1_85' title='bbox 580 1473 734 1550; x_wconf 88' lang='lat' dir='ltr'><strong>perpetuis</strong></span> <span class='ocrx_word' id='word_1_86' title='bbox 756 1472 840 1533; x_wconf 87' lang='lat' dir='ltr'><strong>soliti</strong></span> <span class='ocrx_word' id='word_1_87' title='bbox 862 1475 964 1548; x_wconf 88' lang='lat' dir='ltr'><strong>patres</strong></span> <span class='ocrx_word' id='word_1_88' title='bbox 988 1472 1140 1532; x_wconf 83' lang='lat' dir='ltr'><strong>considere</strong></span> <span class='ocrx_word' id='word_1_89' title='bbox 1161 1471 1303 1532; x_wconf 87' lang='lat' dir='ltr'><strong>mensis“.</strong></span> 
     </span>
     <span class='ocr_line' id='line_1_12' title="bbox 286 1561 1304 1639; baseline -0.002 -17"><span class='ocrx_word' id='word_1_90' title='bbox 286 1582 352 1624; x_wconf 87' lang='lat' dir='ltr'><strong>eaae</strong></span> <span class='ocrx_word' id='word_1_91' title='bbox 374 1565 436 1623; x_wconf 87' lang='lat' dir='ltr'><strong>illie</strong></span> <span class='ocrx_word' id='word_1_92' title='bbox 454 1564 605 1622; x_wconf 86' lang='lat' dir='ltr'><strong>nobilibus</strong></span> <span class='ocrx_word' id='word_1_93' title='bbox 624 1581 743 1638; x_wconf 89' lang='lat' dir='ltr'><strong>quaque</strong></span> <span class='ocrx_word' id='word_1_94' title='bbox 760 1581 821 1621; x_wconf 89' lang='lat' dir='ltr'><strong>non</strong></span> <span class='ocrx_word' id='word_1_95' title='bbox 840 1561 950 1621; x_wconf 76' lang='lat' dir='ltr'>licebat</span> <span class='ocrx_word' id='word_1_96' title='bbox 968 1561 1148 1620; x_wconf 86' lang='lat' dir='ltr'><strong>aeeumbere.</strong></span> <span class='ocrx_word' id='word_1_97' title='bbox 1181 1565 1304 1639; x_wconf 88' lang='lat' dir='ltr'><strong>propter</strong></span> 
     </span>
     <span class='ocr_line' id='line_1_13' title="bbox 285 1651 1303 1731; baseline -0.002 -19"><span class='ocrx_word' id='word_1_98' title='bbox 285 1653 418 1728; x_wconf 73' lang='lat' dir='ltr'><strong>hospites</strong></span> <span class='ocrx_word' id='word_1_99' title='bbox 445 1652 540 1731; x_wconf 89' lang='lat' dir='ltr'><strong>igitur</strong></span> <span class='ocrx_word' id='word_1_100' title='bbox 566 1653 657 1711; x_wconf 88' lang='lat' dir='ltr'><strong>iussit</strong></span> <span class='ocrx_word' id='word_1_101' title='bbox 683 1651 789 1728; x_wconf 90' lang='lat' dir='ltr'><strong>reponi</strong></span> <span class='ocrx_word' id='word_1_102' title='bbox 815 1652 920 1727; x_wconf 90' lang='lat' dir='ltr'><strong>epulas</strong></span> <span class='ocrx_word' id='word_1_103' title='bbox 944 1653 975 1710; x_wconf 92' lang='lat' dir='ltr'><strong>et</strong></span> <span class='ocrx_word' id='word_1_104' title='bbox 996 1652 1118 1727; x_wconf 87' lang='lat' dir='ltr'><strong>poeula,</strong></span> <span class='ocrx_word' id='word_1_105' title='bbox 1145 1651 1209 1727; x_wconf 90' lang='lat' dir='ltr'><strong>ipse</strong></span> <span class='ocrx_word' id='word_1_106' title='bbox 1232 1669 1303 1711; x_wconf 84' lang='lat' dir='ltr'><strong>vera</strong></span> 
     </span>
     <span class='ocr_line' id='line_1_14' title="bbox 286 1737 1303 1817; baseline -0.003 -15"><span class='ocrx_word' id='word_1_107' title='bbox 286 1743 456 1802; x_wconf 82' lang='lat' dir='ltr'><strong>conlocavit</strong></span> <span class='ocrx_word' id='word_1_108' title='bbox 484 1741 580 1801; x_wconf 88' lang='lat' dir='ltr'><strong>omnis</strong></span> <span class='ocrx_word' id='word_1_109' title='bbox 603 1740 748 1800; x_wconf 84' lang='lat' dir='ltr'><strong>Troianos</strong></span> <span class='ocrx_word' id='word_1_110' title='bbox 776 1738 919 1799; x_wconf 88' lang='lat' dir='ltr'><strong>sedilibus</strong></span> <span class='ocrx_word' id='word_1_111' title='bbox 947 1741 1069 1799; x_wconf 84' lang='lat' dir='ltr'><strong>structis</strong></span> <span class='ocrx_word' id='word_1_112' title='bbox 1096 1758 1132 1798; x_wconf 88' lang='lat' dir='ltr'><strong>ex</strong></span> <span class='ocrx_word' id='word_1_113' title='bbox 1158 1737 1303 1817; x_wconf 86' lang='lat' dir='ltr'><strong>gramine.</strong></span> 
     </span>
     <span class='ocr_line' id='line_1_15' title="bbox 280 1827 1303 1906; baseline -0.001 -17"><span class='ocrx_word' id='word_1_114' title='bbox 280 1833 531 1906; x_wconf 77' lang='lat' dir='ltr'><strong>praeapaamqae</strong></span> <span class='ocrx_word' id='word_1_115' title='bbox 558 1835 619 1889; x_wconf 81' lang='lat' dir='ltr'><strong>tero</strong></span> <span class='ocrx_word' id='word_1_116' title='bbox 647 1834 673 1889; x_wconf 82' lang='lat' dir='ltr'><strong>et</strong></span> <span class='ocrx_word' id='word_1_117' title='bbox 699 1830 796 1889; x_wconf 81' lang='lat' dir='ltr'><strong>aillose&#39;</strong></span> <span class='ocrx_word' id='word_1_118' title='bbox 818 1828 899 1903; x_wconf 79' lang='lat' dir='ltr'><strong>&#39;pella</strong></span> <span class='ocrx_word' id='word_1_119' title='bbox 928 1829 1019 1888; x_wconf 71' lang='lat' dir='ltr'><strong>laenas</strong></span> <span class='ocrx_word' id='word_1_120' title='bbox 1048 1829 1154 1902; x_wconf 79' lang='lat' dir='ltr'><strong>aeee‘pe’t</strong></span> <span class='ocrx_word' id='word_1_121' title='bbox 1178 1827 1303 1888; x_wconf 78' lang='lat' dir='ltr'><em>Aenean</em></span> 
     </span>
     <span class='ocr_line' id='line_1_16' title="bbox 241 1917 1304 1994; baseline 0.003 -20"><span class='ocrx_word' id='word_1_122' title='bbox 241 1934 267 1975; x_wconf 83' lang='lat'><strong>15</strong></span> <span class='ocrx_word' id='word_1_123' title='bbox 285 1922 412 1994; x_wconf 75' lang='lat' dir='ltr'><strong>solioque</strong></span> <span class='ocrx_word' id='word_1_124' title='bbox 440 1922 547 1979; x_wconf 81' lang='lat' dir='ltr'><strong>e&#39;aaa&#39;tat</strong></span> <span class='ocrx_word' id='word_1_125' title='bbox 576 1936 697 1980; x_wconf 86' lang='lat' dir='ltr'><strong>aaerae:</strong></span> <span class='ocrx_word' id='word_1_126' title='bbox 728 1922 764 1979; x_wconf 91' lang='lat' dir='ltr'><strong>ut</strong></span> <span class='ocrx_word' id='word_1_127' title='bbox 794 1918 917 1977; x_wconf 88' lang='lat' dir='ltr'><strong>sedendi</strong></span> <span class='ocrx_word' id='word_1_128' title='bbox 947 1920 1055 1978; x_wconf 90' lang='lat' dir='ltr'><strong>merito</strong></span> <span class='ocrx_word' id='word_1_129' title='bbox 1087 1917 1304 1977; x_wconf 80' lang='lat' dir='ltr'><strong>discerneretur</strong></span> 
     </span>
     <span class='ocr_line' id='line_1_17' title="bbox 285 2007 1303 2086; baseline -0.001 -18"><span class='ocrx_word' id='word_1_130' title='bbox 285 2010 402 2070; x_wconf 84' lang='lat' dir='ltr'><strong>Aeneas</strong></span> <span class='ocrx_word' id='word_1_131' title='bbox 432 2010 485 2086; x_wconf 92' lang='lat' dir='ltr'><strong>qui</strong></span> <span class='ocrx_word' id='word_1_132' title='bbox 515 2008 619 2068; x_wconf 83' lang='lat' dir='ltr'><strong>ceteris</strong></span> <span class='ocrx_word' id='word_1_133' title='bbox 649 2008 749 2067; x_wconf 85' lang='lat' dir='ltr'><strong>fuerat</strong></span> <span class='ocrx_word' id='word_1_134' title='bbox 777 2008 891 2085; x_wconf 89' lang='lat' dir='ltr'><strong>potior,</strong></span> <span class='ocrx_word' id='word_1_135' title='bbox 921 2010 952 2067; x_wconf 90' lang='lat' dir='ltr'><strong>et</strong></span> <span class='ocrx_word' id='word_1_136' title='bbox 973 2007 1129 2067; x_wconf 85' lang='lat' dir='ltr'><strong>sublimem</strong></span> <span class='ocrx_word' id='word_1_137' title='bbox 1152 2008 1252 2067; x_wconf 87' lang='lat' dir='ltr'><strong>loeum</strong></span> <span class='ocrx_word' id='word_1_138' title='bbox 1275 2008 1303 2067; x_wconf 92' lang='lat' dir='ltr'><strong>ei</strong></span> 
     </span>
     <span class='ocr_line' id='line_1_18' title="bbox 285 2096 1302 2175; baseline -0.002 -17"><span class='ocrx_word' id='word_1_139' title='bbox 285 2099 368 2159; x_wconf 90' lang='lat' dir='ltr'><strong>dedit</strong></span> <span class='ocrx_word' id='word_1_140' title='bbox 391 2102 421 2159; x_wconf 90' lang='lat' dir='ltr'><strong>et</strong></span> <span class='ocrx_word' id='word_1_141' title='bbox 444 2098 602 2159; x_wconf 78' lang='lat' dir='ltr'><strong>cultiorem</strong></span> <span class='ocrx_word' id='word_1_142' title='bbox 624 2099 716 2173; x_wconf 88' lang='lat' dir='ltr'><strong>atque</strong></span> <span class='ocrx_word' id='word_1_143' title='bbox 740 2098 880 2155; x_wconf 83' lang='lat' dir='ltr'><strong>ornatum</strong></span> <span class='ocrx_word' id='word_1_144' title='bbox 902 2096 997 2156; x_wconf 85' lang='lat' dir='ltr'><strong>leonis</strong></span> <span class='ocrx_word' id='word_1_145' title='bbox 1019 2099 1114 2175; x_wconf 90' lang='lat' dir='ltr'><strong>tergo,</strong></span> <span class='ocrx_word' id='word_1_146' title='bbox 1134 2098 1216 2173; x_wconf 90' lang='lat' dir='ltr'><strong>quod</strong></span> <span class='ocrx_word' id='word_1_147' title='bbox 1234 2116 1302 2156; x_wconf 88' lang='lat' dir='ltr'><strong>aon-</strong></span> 
     </span>
     <span class='ocr_line' id='line_1_19' title="bbox 284 2184 1303 2265; baseline -0.001 -17"><span class='ocrx_word' id='word_1_148' title='bbox 284 2189 423 2250; x_wconf 84' lang='lat' dir='ltr'><strong>veniebat</strong></span> <span class='ocrx_word' id='word_1_149' title='bbox 435 2189 574 2248; x_wconf 84' lang='lat' dir='ltr'><strong>Herculis</strong></span> <span class='ocrx_word' id='word_1_150' title='bbox 589 2185 691 2263; x_wconf 88' lang='lat' dir='ltr'><strong>saeris,</strong></span> <span class='ocrx_word' id='word_1_151' title='bbox 705 2187 858 2265; x_wconf 88' lang='lat' dir='ltr'><strong>egregiam</strong></span> <span class='ocrx_word' id='word_1_152' title='bbox 876 2205 995 2263; x_wconf 91' lang='lat' dir='ltr'><strong>quoque</strong></span> <span class='ocrx_word' id='word_1_153' title='bbox 1014 2187 1119 2246; x_wconf 89' lang='lat' dir='ltr'><strong>sellam</strong></span> <span class='ocrx_word' id='word_1_154' title='bbox 1132 2190 1163 2246; x_wconf 90' lang='lat' dir='ltr'><strong>et</strong></span> <span class='ocrx_word' id='word_1_155' title='bbox 1175 2184 1303 2247; x_wconf 85' lang='lat' dir='ltr'><strong>materia</strong></span> 
     </span>
     <span class='ocr_line' id='line_1_20' title="bbox 284 2276 1302 2355; baseline 0 -19"><span class='ocrx_word' id='word_1_156' title='bbox 284 2279 416 2353; x_wconf 89' lang='lat' dir='ltr'><strong>pretiosa</strong></span> <span class='ocrx_word' id='word_1_157' title='bbox 437 2279 609 2354; x_wconf 75' lang='lat' dir='ltr'><strong>perfectam,</strong></span> <span class='ocrx_word' id='word_1_158' title='bbox 634 2295 711 2352; x_wconf 90' lang='lat' dir='ltr'><strong>quae</strong></span> <span class='ocrx_word' id='word_1_159' title='bbox 734 2277 798 2335; x_wconf 88' lang='lat' dir='ltr'><strong>eius</strong></span> <span class='ocrx_word' id='word_1_160' title='bbox 822 2276 965 2354; x_wconf 73' lang='lat' dir='ltr'><strong>dignitati</strong></span> <span class='ocrx_word' id='word_1_161' title='bbox 987 2279 1171 2354; x_wconf 73' lang='lat' dir='ltr'><strong>congrueret.</strong></span> <span class='ocrx_word' id='word_1_162' title='bbox 1217 2296 1302 2355; x_wconf 90' lang='lat' dir='ltr'><strong>prae·</strong></span> 
     </span>
     <span class='ocr_line' id='line_1_21' title="bbox 241 2364 1301 2444; baseline 0.001 -20"><span class='ocrx_word' id='word_1_163' title='bbox 241 2379 268 2418; x_wconf 82' lang='lat'><strong>2⁰</strong></span> <span class='ocrx_word' id='word_1_164' title='bbox 285 2366 406 2441; x_wconf 91' lang='lat' dir='ltr'><strong>aipuum</strong></span> <span class='ocrx_word' id='word_1_165' title='bbox 428 2366 504 2426; x_wconf 84' lang='lat' dir='ltr'><strong>dixit</strong></span> <span class='ocrx_word' id='word_1_166' title='bbox 526 2364 712 2444; x_wconf 81' lang='lat' dir='ltr'><strong>singularem</strong></span> <span class='ocrx_word' id='word_1_167' title='bbox 735 2368 765 2425; x_wconf 86' lang='lat' dir='ltr'><strong>at</strong></span> <span class='ocrx_word' id='word_1_168' title='bbox 787 2367 893 2425; x_wconf 88' lang='lat' dir='ltr'><strong>selum.</strong></span> <span class='ocrx_word' id='word_1_169' title='bbox 931 2370 993 2424; x_wconf 80' lang='lat' dir='ltr'><strong>lam</strong></span> <span class='ocrx_word' id='word_1_170' title='bbox 1016 2366 1079 2425; x_wconf 80' lang='lat' dir='ltr'><strong>leeta&#39;</strong></span> <span class='ocrx_word' id='word_1_171' title='bbox 1100 2367 1220 2426; x_wconf 79' lang='lat' dir='ltr'><strong>taaeaes</strong></span> <span class='ocrx_word' id='word_1_172' title='bbox 1243 2383 1301 2425; x_wconf 86' lang='lat' dir='ltr'><strong>eer-</strong></span> 
     </span>
     <span class='ocr_line' id='line_1_22' title="bbox 285 2455 1364 2528; baseline -0.001 -17"><span class='ocrx_word' id='word_1_173' title='bbox 285 2455 368 2512; x_wconf 75' lang='lat' dir='ltr'><strong>taliae</strong></span> <span class='ocrx_word' id='word_1_174' title='bbox 390 2473 516 2528; x_wconf 79' lang='lat' dir='ltr'><strong>araeque</strong></span> <span class='ocrx_word' id='word_1_175' title='bbox 537 2456 674 2515; x_wconf 83' lang='lat' dir='ltr'><strong>sacerdos</strong></span> <span class='ocrx_word' id='word_1_176' title='bbox 696 2456 810 2514; x_wconf 74' lang='lat' dir='ltr'><strong>elstera</strong></span> <span class='ocrx_word' id='word_1_177' title='bbox 832 2459 907 2514; x_wconf 79' lang='lat' dir='ltr'><strong>testa</strong></span> <span class='ocrx_word' id='word_1_178' title='bbox 928 2456 1030 2528; x_wconf 78' lang='lat' dir='ltr'><strong>seruat</strong></span> <span class='ocrx_word' id='word_1_179' title='bbox 1055 2459 1209 2513; x_wconf 63' lang='lat' dir='ltr'><strong>materam</strong></span> <span class='ocrx_word' id='word_1_180' title='bbox 1235 2460 1364 2513; x_wconf 85' lang='lat' dir='ltr'><strong>eae-180</strong></span> 
     </span>
     <span class='ocr_line' id='line_1_23' title="bbox 284 2542 1302 2616; baseline 0.003 -16"><span class='ocrx_word' id='word_1_181' title='bbox 284 2546 408 2614; x_wconf 78' lang='lat' dir='ltr'><strong>raatqae</strong></span> <span class='ocrx_word' id='word_1_182' title='bbox 448 2546 585 2603; x_wconf 74' lang='lat' dir='ltr'><strong>canistris</strong></span> <span class='ocrx_word' id='word_1_183' title='bbox 626 2545 705 2604; x_wconf 79' lang='lat' dir='ltr'><strong>dana</strong></span> <span class='ocrx_word' id='word_1_184' title='bbox 747 2545 897 2603; x_wconf 81' lang='lat' dir='ltr'><strong>laboratae</strong></span> <span class='ocrx_word' id='word_1_185' title='bbox 940 2542 1054 2603; x_wconf 73' lang='lat' dir='ltr'><strong>Cereris</strong></span> <span class='ocrx_word' id='word_1_186' title='bbox 1093 2545 1302 2616; x_wconf 76' lang='lat' dir='ltr'><strong>Bacchumque</strong></span> 
     </span>
     <span class='ocr_line' id='line_1_24' title="bbox 284 2630 1302 2710; baseline 0.003 -21"><span class='ocrx_word' id='word_1_187' title='bbox 284 2633 468 2691; x_wconf 79' lang='lat' dir='ltr'><strong>ministrant:</strong></span> <span class='ocrx_word' id='word_1_188' title='bbox 494 2633 554 2691; x_wconf 88' lang='lat' dir='ltr'><strong>fuit</strong></span> <span class='ocrx_word' id='word_1_189' title='bbox 584 2634 704 2710; x_wconf 91' lang='lat' dir='ltr'><strong>quidem</strong></span> <span class='ocrx_word' id='word_1_190' title='bbox 733 2633 867 2692; x_wconf 83' lang='lat' dir='ltr'><strong>ciberum</strong></span> <span class='ocrx_word' id='word_1_191' title='bbox 894 2630 1016 2709; x_wconf 87' lang='lat' dir='ltr'><strong>eopiosa</strong></span> <span class='ocrx_word' id='word_1_192' title='bbox 1042 2630 1226 2708; x_wconf 88' lang='lat' dir='ltr'><strong>substantia,</strong></span> <span class='ocrx_word' id='word_1_193' title='bbox 1250 2633 1302 2692; x_wconf 90' lang='lat' dir='ltr'><strong>sed</strong></span> 
     </span>
     <span class='ocr_line' id='line_1_25' title="bbox 286 2720 1301 2799; baseline 0.002 -21"><span class='ocrx_word' id='word_1_194' title='bbox 286 2720 398 2779; x_wconf 88' lang='lat' dir='ltr'><strong>bubula</strong></span> <span class='ocrx_word' id='word_1_195' title='bbox 430 2740 512 2796; x_wconf 87' lang='lat' dir='ltr'><strong>earo,</strong></span> <span class='ocrx_word' id='word_1_196' title='bbox 541 2725 628 2799; x_wconf 88' lang='lat' dir='ltr'><strong>panis</strong></span> <span class='ocrx_word' id='word_1_197' title='bbox 658 2725 689 2781; x_wconf 90' lang='lat' dir='ltr'><strong>et</strong></span> <span class='ocrx_word' id='word_1_198' title='bbox 717 2721 830 2783; x_wconf 79' lang='lat' dir='ltr'><strong>vinum.</strong></span> <span class='ocrx_word' id='word_1_199' title='bbox 879 2722 953 2781; x_wconf 89' lang='lat' dir='ltr'><strong>haee</strong></span> <span class='ocrx_word' id='word_1_200' title='bbox 979 2721 1142 2798; x_wconf 87' lang='lat' dir='ltr'><strong>portabant</strong></span> <span class='ocrx_word' id='word_1_201' title='bbox 1170 2723 1301 2798; x_wconf 71' lang='lat' dir='ltr'><strong>turenae,</strong></span> 
     </span>
     <span class='ocr_line' id='line_1_26' title="bbox 239 2809 1301 2888; baseline 0.006 -24"><span class='ocrx_word' id='word_1_202' title='bbox 239 2822 266 2864; x_wconf 80' lang='lat' dir='ltr'><strong>aa</strong></span> <span class='ocrx_word' id='word_1_203' title='bbox 285 2810 337 2886; x_wconf 92' lang='lat' dir='ltr'><strong>qui</strong></span> <span class='ocrx_word' id='word_1_204' title='bbox 358 2809 524 2885; x_wconf 89' lang='lat' dir='ltr'><strong>plurimum</strong></span> <span class='ocrx_word' id='word_1_205' title='bbox 546 2811 683 2886; x_wconf 86' lang='lat' dir='ltr'><strong>plurimis</strong></span> <span class='ocrx_word' id='word_1_206' title='bbox 707 2811 900 2888; x_wconf 87' lang='lat' dir='ltr'><strong>adponerent.</strong></span> <span class='ocrx_word' id='word_1_207' title='bbox 932 2812 1037 2871; x_wconf 90' lang='lat' dir='ltr'><strong>aderat</strong></span> <span class='ocrx_word' id='word_1_208' title='bbox 1054 2810 1146 2869; x_wconf 91' lang='lat' dir='ltr'><strong>etiam</strong></span> <span class='ocrx_word' id='word_1_209' title='bbox 1165 2811 1301 2870; x_wconf 85' lang='lat' dir='ltr'><strong>sacerdos</strong></span> 
     </span>
     <span class='ocr_line' id='line_1_27' title="bbox 282 2899 1302 2977; baseline 0.001 -20"><span class='ocrx_word' id='word_1_210' title='bbox 282 2899 494 2974; x_wconf 89' lang='lat' dir='ltr'><strong>ipseprapter</strong></span> <span class='ocrx_word' id='word_1_211' title='bbox 516 2900 620 2975; x_wconf 87' lang='lat' dir='ltr'><strong>epulae</strong></span> <span class='ocrx_word' id='word_1_212' title='bbox 642 2918 756 2975; x_wconf 82' lang='lat' dir='ltr'><strong>sacras,</strong></span> <span class='ocrx_word' id='word_1_213' title='bbox 777 2900 843 2976; x_wconf 92' lang='lat' dir='ltr'><strong>ipse</strong></span> <span class='ocrx_word' id='word_1_214' title='bbox 872 2920 990 2977; x_wconf 91' lang='lat' dir='ltr'><strong>quoque</strong></span> <span class='ocrx_word' id='word_1_215' title='bbox 1016 2900 1207 2976; x_wconf 89' lang='lat' dir='ltr'><strong>aliquantum</strong></span> <span class='ocrx_word' id='word_1_216' title='bbox 1234 2918 1302 2958; x_wconf 88' lang='lat' dir='ltr'><strong>aum</strong></span> 
     </span>
     <span class='ocr_line' id='line_1_28' title="bbox 282 2987 1300 3067; baseline 0.002 -21"><span class='ocrx_word' id='word_1_217' title='bbox 282 2988 440 3048; x_wconf 83' lang='lat' dir='ltr'><strong>iuvenibus</strong></span> <span class='ocrx_word' id='word_1_218' title='bbox 463 2991 593 3067; x_wconf 89' lang='lat' dir='ltr'><strong>gestans.</strong></span> <span class='ocrx_word' id='word_1_219' title='bbox 635 2990 718 3048; x_wconf 91' lang='lat' dir='ltr'><strong>nulla</strong></span> <span class='ocrx_word' id='word_1_220' title='bbox 740 2989 855 3048; x_wconf 88' lang='lat' dir='ltr'><strong>interea</strong></span> <span class='ocrx_word' id='word_1_221' title='bbox 877 2992 912 3048; x_wconf 89' lang='lat' dir='ltr'><strong>ut</strong></span> <span class='ocrx_word' id='word_1_222' title='bbox 935 2989 1015 3065; x_wconf 91' lang='lat' dir='ltr'><strong>apud</strong></span> <span class='ocrx_word' id='word_1_223' title='bbox 1036 3008 1138 3067; x_wconf 88' lang='lat' dir='ltr'><strong>regem</strong></span> <span class='ocrx_word' id='word_1_224' title='bbox 1162 2987 1300 3048; x_wconf 87' lang='lat' dir='ltr'><strong>ambitio:</strong></span> 
     </span>
     <span class='ocr_line' id='line_1_29' title="bbox 282 3077 1303 3154; baseline -0.001 -17"><span class='ocrx_word' id='word_1_225' title='bbox 282 3077 443 3138; x_wconf 84' lang='lat' dir='ltr'><strong>sedebatur</strong></span> <span class='ocrx_word' id='word_1_226' title='bbox 471 3078 554 3137; x_wconf 90' lang='lat' dir='ltr'><strong>nullo</strong></span> <span class='ocrx_word' id='word_1_227' title='bbox 581 3077 712 3138; x_wconf 84' lang='lat' dir='ltr'><strong>vestium</strong></span> <span class='ocrx_word' id='word_1_228' title='bbox 726 3077 875 3137; x_wconf 72' lang='lat' dir='ltr'><strong>vadhibita</strong></span> <span class='ocrx_word' id='word_1_229' title='bbox 903 3080 998 3153; x_wconf 80' lang='lat' dir='ltr'><strong>cultu,</strong></span> <span class='ocrx_word' id='word_1_230' title='bbox 1026 3097 1094 3137; x_wconf 87' lang='lat' dir='ltr'><strong>earo</strong></span> <span class='ocrx_word' id='word_1_231' title='bbox 1124 3077 1303 3154; x_wconf 83' lang='lat' dir='ltr'><strong>portabatur</strong></span> 
     </span>
     <span class='ocr_line' id='line_1_30' title="bbox 282 3165 1301 3244; baseline 0.001 -18"><span class='ocrx_word' id='word_1_232' title='bbox 282 3167 435 3243; x_wconf 84' lang='lat' dir='ltr'><strong>manibus,</strong></span> <span class='ocrx_word' id='word_1_233' title='bbox 466 3167 600 3243; x_wconf 85' lang='lat' dir='ltr'><strong>eopiosa,</strong></span> <span class='ocrx_word' id='word_1_234' title='bbox 623 3167 675 3227; x_wconf 87' lang='lat' dir='ltr'><strong>sed</strong></span> <span class='ocrx_word' id='word_1_235' title='bbox 697 3167 824 3243; x_wconf 88' lang='lat' dir='ltr'><strong>bubula,</strong></span> <span class='ocrx_word' id='word_1_236' title='bbox 851 3185 920 3227; x_wconf 87' lang='lat' dir='ltr'><strong>assa</strong></span> <span class='ocrx_word' id='word_1_237' title='bbox 942 3166 974 3225; x_wconf 91' lang='lat' dir='ltr'><strong>id</strong></span> <span class='ocrx_word' id='word_1_238' title='bbox 997 3171 1124 3226; x_wconf 88' lang='lat' dir='ltr'><strong>estnon</strong></span> <span class='ocrx_word' id='word_1_239' title='bbox 1147 3165 1301 3244; x_wconf 81' lang='lat' dir='ltr'><strong>aliquibus</strong></span> 
     </span>
     <span class='ocr_line' id='line_1_31' title="bbox 239 3255 1304 3335; baseline 0.002 -20"><span class='ocrx_word' id='word_1_240' title='bbox 239 3269 266 3309; x_wconf 75' lang='lat'><strong>³⁰</strong></span> <span class='ocrx_word' id='word_1_241' title='bbox 281 3255 414 3332; x_wconf 87' lang='lat' dir='ltr'><strong>inpensis</strong></span> <span class='ocrx_word' id='word_1_242' title='bbox 433 3259 563 3332; x_wconf 78' lang='lat' dir='ltr'><strong>excocta,</strong></span> <span class='ocrx_word' id='word_1_243' title='bbox 580 3258 667 3333; x_wconf 90' lang='lat' dir='ltr'><strong>panis</strong></span> <span class='ocrx_word' id='word_1_244' title='bbox 686 3276 746 3316; x_wconf 88' lang='lat' dir='ltr'><strong>non</strong></span> <span class='ocrx_word' id='word_1_245' title='bbox 761 3259 886 3335; x_wconf 85' lang='lat' dir='ltr'><strong>argenta</strong></span> <span class='ocrx_word' id='word_1_246' title='bbox 900 3256 1073 3331; x_wconf 80' lang='lat' dir='ltr'><strong>vehebatur,</strong></span> <span class='ocrx_word' id='word_1_247' title='bbox 1087 3256 1138 3315; x_wconf 92' lang='lat' dir='ltr'><strong>sed</strong></span> <span class='ocrx_word' id='word_1_248' title='bbox 1152 3256 1304 3333; x_wconf 69' lang='grc'><strong>1111111111,</strong></span> 
     </span>
     <span class='ocr_line' id='line_1_32' title="bbox 282 3345 1300 3406; baseline 0.001 -1"><span class='ocrx_word' id='word_1_249' title='bbox 282 3345 386 3406; x_wconf 79' lang='lat' dir='ltr'><strong>vinum</strong></span> <span class='ocrx_word' id='word_1_250' title='bbox 408 3347 549 3405; x_wconf 89' lang='lat' dir='ltr'><strong>similiter</strong></span> <span class='ocrx_word' id='word_1_251' title='bbox 570 3345 800 3405; x_wconf 84' lang='lat' dir='ltr'><strong>ministrabatur</strong></span> <span class='ocrx_word' id='word_1_252' title='bbox 821 3345 968 3406; x_wconf 87' lang='lat' dir='ltr'><strong>ministris</strong></span> <span class='ocrx_word' id='word_1_253' title='bbox 990 3346 1073 3404; x_wconf 91' lang='lat' dir='ltr'><strong>nullo</strong></span> <span class='ocrx_word' id='word_1_254' title='bbox 1102 3346 1187 3404; x_wconf 81' lang='lat' dir='ltr'><strong>cultu</strong></span> <span class='ocrx_word' id='word_1_255' title='bbox 1215 3347 1300 3406; x_wconf 88' lang='lat' dir='ltr'><strong>ador·</strong></span> 
     </span>
     <span class='ocr_line' id='line_1_33' title="bbox 282 3427 1302 3515; baseline 0.002 -23"><span class='ocrx_word' id='word_1_256' title='bbox 282 3437 370 3495; x_wconf 88' lang='lat' dir='ltr'><strong>natis.</strong></span> <span class='ocrx_word' id='word_1_257' title='bbox 416 3436 489 3495; x_wconf 88' lang='lat' dir='ltr'><strong>haee</strong></span> <span class='ocrx_word' id='word_1_258' title='bbox 512 3454 572 3494; x_wconf 92' lang='lat' dir='ltr'><strong>non</strong></span> <span class='ocrx_word' id='word_1_259' title='bbox 595 3435 771 3511; x_wconf 78' lang='lat' dir='ltr'><strong>simpliciter</strong></span> <span class='ocrx_word' id='word_1_260' title='bbox 799 3434 971 3512; x_wconf 78' lang='lat' dir='ltr'><strong>accipienda</strong></span> <span class='ocrx_word' id='word_1_261' title='bbox 998 3436 1069 3494; x_wconf 86' lang='lat' dir='ltr'><strong>sunt</strong></span> <span class='ocrx_word' id='word_1_262' title='bbox 1096 3427 1194 3515; x_wconf 89' lang='lat' dir='ltr'><strong>(nam,</strong></span> <span class='ocrx_word' id='word_1_263' title='bbox 1222 3437 1302 3494; x_wconf 85' lang='lat' dir='ltr'><strong>sieut</strong></span> 
     </span>
    </p>
   </div>
   <div class='ocr_carea' id='block_1_3' title="bbox 276 3671 1302 3954">
    <p class='ocr_par' dir='ltr' id='par_1_3' title="bbox 276 3671 1300 3954">
     <span class='ocr_line' id='line_1_34' title="bbox 353 3671 1300 3744; baseline -0.002 -15"><span class='ocrx_word' id='word_1_264' title='bbox 353 3673 688 3731; x_wconf 82' lang='lat' dir='ltr'><strong>2e&#39;aaetasVaorr.ed.</strong></span> <span class='ocrx_word' id='word_1_265' title='bbox 747 3672 1084 3744; x_wconf 73' lang='lat' dir='ltr'><strong>bqeaquaamodaed.</strong></span> <span class='ocrx_word' id='word_1_266' title='bbox 1143 3671 1300 3742; x_wconf 75' lang='lat' dir='ltr'><strong>tqaamV</strong></span> 
     </span>
     <span class='ocr_line' id='line_1_35' title="bbox 276 3743 1302 3858; baseline -0.008 -56"><span class='ocrx_word' id='word_1_267' title='bbox 276 3745 470 3816; x_wconf 66' lang='lat' dir='ltr'><strong>petasaed.</strong></span> <span class='ocrx_word' id='word_1_268' title='bbox 520 3744 718 3803; x_wconf 82' lang='lat' dir='ltr'><strong>8a&#39;a0m..ed</strong></span> <span class='ocrx_word' id='word_1_269' title='bbox 769 3751 926 3816; x_wconf 71' lang='lat' dir='ltr'><strong>ltaeaepet</strong></span> <span class='ocrx_word' id='word_1_270' title='bbox 909 3744 971 3800; x_wconf 88' lang='lat' dir='ltr'><strong>&#39;.V</strong></span> <span class='ocrx_word' id='word_1_271' title='bbox 1022 3751 1152 3814; x_wconf 70' lang='lat' dir='ltr'><strong>llataaa</strong></span> <span class='ocrx_word' id='word_1_272' title='bbox 1164 3743 1302 3858; x_wconf 21' lang='lat' dir='ltr'><strong>amssed</strong></span> 
     </span>
     <span class='ocr_line' id='line_1_36' title="bbox 281 3809 1302 3891; baseline -0.005 -18"><span class='ocrx_word' id='word_1_273' title='bbox 281 3753 1081 3891; x_wconf 60' lang='grc'><strong>110111191101119111111111111.1191111111</strong></span> <span class='ocrx_word' id='word_1_274' title='bbox 1109 3815 1262 3886; x_wconf 60' lang='lat' dir='ltr'><strong>atatem</strong></span> <span class='ocrx_word' id='word_1_275' title='bbox 1250 3809 1302 3860; x_wconf 72' lang='lat' dir='ltr'><strong>e</strong></span> 
     </span>
     <span class='ocr_line' id='line_1_37' title="bbox 281 3835 1101 3954; baseline 0.002 -11"><span class='ocrx_word' id='word_1_276' title='bbox 281 3888 394 3944; x_wconf 75' lang='lat' dir='ltr'><strong>ambitio</strong></span> <span class='ocrx_word' id='word_1_277' title='bbox 408 3887 434 3945; x_wconf 95' lang='lat' dir='ltr'><strong>V</strong></span> <span class='ocrx_word' id='word_1_278' title='bbox 450 3889 598 3947; x_wconf 77' lang='grc'><strong>1111111111</strong></span> <span class='ocrx_word' id='word_1_279' title='bbox 615 3890 659 3948; x_wconf 89' lang='lat' dir='ltr'><strong>ed</strong></span> <span class='ocrx_word' id='word_1_280' title='bbox 734 3897 770 3950; x_wconf 82' lang='grc'><strong>18</strong></span> <span class='ocrx_word' id='word_1_281' title='bbox 789 3835 950 3954; x_wconf 64' lang='grc'><strong>1111111119</strong></span> <span class='ocrx_word' id='word_1_282' title='bbox 954 3908 1032 3949; x_wconf 77' lang='lat' dir='ltr'><strong>sarr</strong></span> <span class='ocrx_word' id='word_1_283' title='bbox 1051 3888 1101 3945; x_wconf 85' lang='lat' dir='ltr'><strong>ed</strong></span> 
     </span>
    </p>
   </div>
   <div class='ocr_carea' id='block_1_4' title="bbox 0 0 1576 4375">
    <p class='ocr_par' dir='ltr' id='par_1_4' title="bbox 0 0 1576 4375">
     <span class='ocr_line' id='line_1_38' title="bbox 0 0 1576 4375; baseline 0 0"><span class='ocrx_word' id='word_1_284' title='bbox 0 0 1576 4375; x_wconf 95' lang='lat' dir='ltr'><strong> </strong></span> 
     </span>
    </p>
   </div>
  </div>
 </body>
</html>
