3142 4375
646 491 910 547 naussoosvm
1226 496 1290 562 157

270 660 357 719 illam
379 658 453 719 dicit
474 659 613 720 Herculis
636 659 805 720 mirabilem
828 661 961 721 extitisse
980 662 1136 737 virtutm,
1158 664 1194 722 ut
1211 664 1292 723 huno

269 750 427 810 tremuerit
456 751 557 809 custos
587 749 701 809 foribus
735 750 891 825 adpositus
922 750 1003 811 Ditis
1035 769 1142 811 saevus
1174 770 1292 829 semper

270 857 445 915 semperque
475 857 566 915 super
595 857 663 898 ossa
691 839 845 898 recubans.
897 841 1011 899 ossium
1043 840 1223 918 significatio
1255 861 1291 900 ex

269 930 355 1005 parte
378 927 587 987 crudelitatem
611 927 732 987 Cerberi
755 927 887 988 ostendit
909 929 964 1006 qui
985 931 1106 988 tantum
1129 929 1292 1005 saeviebat,

239 1019 307 1077 sut
328 1020 506 1094 consumpta
533 1036 621 1076 carne
650 1017 689 1076 ad
716 1035 784 1077 ossa
807 1017 957 1078 erodenda
983 1022 1138 1078 remearet.
1188 1038 1291 1079 cruen-

268 1108 369 1166 torum
392 1108 494 1165 autem
516 1106 568 1165 ille
592 1109 637 1165 est
659 1105 829 1166 intellectus
849 1107 902 1183 qui
920 1111 965 1167 est
984 1107 1150 1185 descriptus
1168 1107 1201 1167 in
1220 1107 1292 1167 (laci

271 1196 414 1273 spelunca
443 1194 492 1254 bis
523 1195 636 1255 verbis:
669 1214 864 1272 „semperque
900 1197 1013 1256 recenti
1044 1197 1133 1257 caede
1168 1197 1293 1274 tepebat

267 1282 409 1359 humus“,
439 1287 476 1343 ut
505 1284 597 1343 etiam
624 1283 768 1345 cerberus
797 1304 913 1362 semper
938 1286 1051 1346 recenti
1073 1287 1186 1363 praeda
1207 1287 1292 1363 pasci

267 1373 416 1435 videatur.
461 1390 514 1432 occ
540 1377 567 1432 tc
593 1373 672 1433 oliae
698 1374 804 1447 fades,
831 1392 892 1434 ooo
918 1377 1022 1434 terruit
1047 1377 1111 1449 ipse
1138 1377 1291 1451 Typhoeus

223 1482 250 1523 ro
268 1463 397 1533 arduus,
428 1479 516 1522 arma
544 1467 658 1522 teneus:
687 1483 747 1522 non
778 1465 810 1523 te
839 1466 1013 1524 terruerunt
1042 1464 1177 1524 diversae
1208 1485 1292 1524 mon-

267 1555 401 1613 strorum
431 1552 546 1611 formae
578 1570 631 1610 neo
662 1552 721 1611 tibi
751 1552 942 1612 formidinem
974 1554 1133 1630 Typhoeus
1165 1556 1292 1613 incussit

267 1640 386 1720 ingenti
414 1640 547 1717 corporis
576 1641 655 1700 mole
689 1641 838 1701 confidens
872 1646 963 1719 atque
995 1643 1086 1702 armis
1117 1643 1290 1703 instructus.

267 1730 339 1789 Noa
367 1734 393 1789 ic
418 1731 545 1790 rctioms
572 1734 698 1804 egeatem
719 1731 876 1790 Lanaeus
902 1732 991 1791 turba
1018 1734 1147 1806 comtum
1169 1733 1353 1795 areum-300

268 1819 346 1877 stetit
367 1820 489 1893 anguis:
512 1838 639 1895 eumque
657 1819 715 1878 tibi
733 1818 884 1880 Lernaeus
903 1821 1011 1899 anguis
1031 1820 1118 1896 quasi
1135 1822 1290 1881 nocitnms

223 1924 250 1966 is
269 1908 432 1967 occurrerit
457 1908 622 1968 innumeris
652 1907 801 1985 capitibus
824 1909 931 1984 fidens,
953 1909 987 1968 in
1008 1909 1062 1969 illo
1090 1911 1290 1988 extinguendo

268 1997 349 2055 malo
371 2015 426 2057 nec
448 1997 544 2058 virtus
561 2000 616 2057 tua
634 2016 688 2056 nec
705 1997 821 2076 ingenii
838 1999 985 2059 vivacitas
1005 1999 1114 2074 defuit3
1138 1999 1192 2076 qui
1210 2000 1292 2058 enim

267 2084 401 2145 habuisti
413 2088 584 2146 naturalem
596 2086 778 2146 industriam
793 2106 846 2147 cur
859 2106 1015 2164 quaereres
1031 2088 1180 2148 alienam?
1201 2089 1290 2157 sulec,

268 2193 340 2236 ocra
370 2175 454 2235 iocis
479 2177 593 2251 proles:
622 2196 691 2253 pars
722 2178 768 2236 est
799 2177 859 2237 ista
885 2177 1058 2238 laudativae
1087 2177 1233 2238 materiae
1255 2181 1292 2238 ut

268 2267 458 2342 praeferatur
478 2267 557 2325 unde
581 2269 664 2326 ortus
688 2267 729 2326 sit
751 2266 806 2344 qui
826 2267 977 2327 laudatur.
1024 2270 1159 2345 apparet,
1182 2269 1291 2345 inquit,

224 2371 251 2410 ro
270 2373 334 2414 esse
362 2357 393 2414 te
423 2374 527 2415 verum
555 2355 651 2414 filium
681 2355 775 2431 Iovis,
806 2356 879 2415 dum
907 2358 1051 2432 paternae
1077 2359 1231 2433 potentiae
1261 2359 1293 2417 et

269 2443 420 2502 factorum
437 2444 596 2504 nobilitate
614 2445 783 2521 respondes.
816 2446 903 2505 decue
921 2446 1020 2505 addite
1038 2447 1130 2506 diois·
1152 2465 1206 2506 neo
1223 2446 1291 2506 ideo

269 2532 369 2592 factus
399 2549 429 2592 es
460 2532 548 2610 deus,
577 2537 614 2593 ut
643 2535 791 2594 ornareris
821 2555 857 2593 ex
886 2535 955 2594 aliis
984 2535 1055 2610 diis,
1085 2535 1137 2595 sed
1166 2539 1202 2596 ut
1222 2537 1291 2596 illos

270 2619 439 2682 accessione
467 2624 538 2682 tuae
568 2625 720 2684 societatis
750 2642 880 2684 ornares.
933 2628 959 2682 ci
987 2641 1041 2683 uos
1071 2628 1097 2683 ci
1119 2629 1171 2683 iiic
1194 2625 1292 2684 dexter

269 2711 323 2770 udi
340 2710 417 2785 pede
437 2728 526 2771 sumu
548 2713 689 2772 scando.-
716 2712 833 2772 sumina
859 2714 980 2773 nostrae
1003 2712 1222 2789 deprecationis
1246 2716 1292 2773 est

224 2813 252 2856 as
268 2801 304 2858 ut
326 2799 407 2859 adsis
434 2801 521 2860 nobis
549 2820 689 2877 prospere
716 2804 748 2860 et
774 2802 865 2862 sacris
893 2801 955 2861 tuis
974 2803 1125 2878 propitius
1148 2804 1290 2861 interesse

269 2888 409 2966 digneris.
455 2891 529 2948 tolio
551 2891 732 2950 carminibus
750 2891 909 2950 celebrant:
930 2891 1016 2966 talia,
1038 2892 1149 2967 inquit
1171 2892 1228 2951 hoc
1246 2893 1292 2950 est

269 2996 397 3054 quorum
419 2978 480 3053 ipsi
503 2997 563 3038 non
586 2982 741 3038 senserant
759 2980 959 3055 commodum,
977 2981 1180 3040 venerationis
1201 2998 1291 3039 causa

267 3065 443 3126 laudabant.
488 3084 577 3141 super
599 3069 712 3137 omnic,
741 3069 856 3128 scilicet
883 3088 959 3144 quae
987 3087 1079 3146 supra
1106 3068 1188 3128 diota
1211 3073 1290 3143 sunt,

271 3153 343 3215 Occi
368 3156 540 3230 speluncam
569 3156 701 3215 udmiuni
729 3158 947 3230 spirantesque
972 3159 1090 3232 mnibus
1112 3159 1226 3231 ipsum:
1253 3158 1290 3218 ab

223 3258 251 3299 ao
268 3244 315 3304 bis
339 3265 416 3322 quae
439 3244 584 3304 Hercules
607 3247 639 3304 in
662 3245 767 3305 alienis
795 3245 968 3324 regionibus
996 3251 1129 3325 gesserat
1157 3248 1196 3306 ad
1220 3245 1291 3306 (laci

269 3334 445 3410 speluncam
471 3337 551 3392 recte
579 3337 755 3410 perventum
783 3337 842 3394 est:
870 3335 1037 3395 debuerunt
1064 3336 1175 3414 quippe
1198 3338 1291 3396 etiam

268 3423 317 3482 sui
334 3423 485 3483 commodi
502 3423 672 3483 meminisse
691 3424 744 3502 qui
761 3426 848 3483 tanto
866 3425 946 3483 malo
965 3445 1020 3501 per
1037 3424 1133 3501 ipsius
1147 3427 1291 3486 virtutem

268 3591 343 3647 forte
360 3610 412 3661 pro
426 3599 601 3649 commacu
616 3598 675 3660 15⁷,
687 3598 702 3646 5
717 3593 909 3648 emendaveris
922 3596 1030 3649 macuti
1043 3596 1126 3650 autri.
1183 3601 1198 3648 1
1217 3597 1291 3650 bunc

268 3679 324 3718 om.
339 3664 382 3719 ed.
438 3666 599 3735 styfoueus
618 3664 755 3735 (etinfra)
769 3664 803 3720 V.
859 3670 893 3719 10
912 3672 937 3721 tc
956 3683 1009 3721 om.
1025 3666 1068 3721 ed.
1120 3672 1153 3720 12
1171 3668 1291 3736 ingentis

268 3734 313 3789 ed.
392 3740 426 3789 16
449 3738 522 3790 caim
542 3736 568 3791 V
590 3753 652 3792 cum
675 3736 718 3792 ed.
797 3740 831 3791 18
851 3753 912 3792 uere
929 3736 963 3791 V.
996 3737 1002 3810 l
1033 3754 1087 3807 pue·
1104 3737 1131 3790 V
1156 3753 1229 3805 pars
1253 3737 1307 3787 aa

268 3810 304 3860 20
331 3810 358 3862 tc
384 3822 439 3862 orn.
463 3806 534 3861 eds.
569 3808 572 3880 Ι
607 3814 633 3863 ct
657 3824 710 3863 om.
735 3807 780 3866 ed.
862 3813 900 3864 tt
928 3808 1087 3867 amiud
1123 3819 1246 3863 meuses
1273 3801 1329 3852 aa.

268 3880 303 3931 sl
321 3877 472 3934 &hanani
487 3879 530 3935 ed.
