3142 4375
666 500 890 555 muarnosx
1222 504 1286 570 331

271 667 477 744 desperatione
496 668 665 727 ostenditur
683 688 775 745 quam
793 669 983 746 praeviderat
1001 670 1129 729 Turnus.
1162 669 1289 745 Aeneas,

269 757 383 834 inquit,
407 757 482 817 alios
507 757 652 833 adpositis
675 759 818 835 pontibus
846 758 1028 835 exponebat,
1055 759 1158 819 multis
1186 758 1289 818 ambu-

270 845 353 906 landi
377 846 573 907 desuetudine
600 848 739 923 trepidis,
772 867 901 924 quorum
930 867 1065 927 gressum
1093 849 1204 907 natura
1233 867 1290 907 sua

268 935 475 995 infirmaverat
502 955 598 1011 mare,
628 954 723 1013 usque
753 937 827 996 adeo
853 939 889 995 ut
917 937 1079 997 relabentis
1106 937 1204 996 undas
1226 938 1290 996 lan-

238 1024 389 1104 sgnentis
411 1026 526 1103 pelagi,
548 1026 605 1084 hoc
628 1030 674 1085 est
695 1026 821 1103 placidi,
839 1028 1018 1101 metuerent,
1043 1046 1102 1103 qua
1125 1044 1216 1086 causa
1239 1025 1289 1085 ob-

200 1169 202 1174 .
270 1114 432 1174 servabant
449 1133 552 1174 aarum
569 1114 708 1189 reditum,
726 1135 763 1173 ne
781 1118 947 1175 remeantes
971 1117 1003 1174 in
1023 1115 1119 1175 altum
1136 1116 1291 1175 traherent

270 1204 349 1262 exire
372 1204 530 1279 cupientis.
579 1206 666 1263 tanta
693 1205 752 1263 fuit
777 1204 982 1264 inconstantia
1008 1224 1141 1283 gressus,
1168 1207 1205 1263 ut
1231 1224 1291 1264 me·

269 1294 405 1352 tueretur
433 1293 524 1352 etiam
554 1292 667 1369 placidi
696 1294 834 1369 aequoris
864 1297 972 1353 motus.
1027 1296 1057 1352 et
1088 1293 1227 1354 brevibus
1259 1312 1290 1353 se

270 1382 388 1441 credere
413 1382 506 1441 saltu:
531 1382 585 1440 alii
607 1381 690 1441 brevi
714 1383 795 1441 saltu
822 1401 886 1442 sese
913 1382 1069 1442 iactabant
1095 1385 1220 1459 propter
1245 1384 1291 1441 in-

224 1485 251 1525 ro
269 1471 441 1530 firmitatem
464 1470 588 1547 pedum,
612 1471 665 1529 alii
688 1491 758 1531 vero
778 1471 997 1531 descendebant
1014 1492 1068 1548 per
1085 1491 1191 1533 remos.
1227 1489 1291 1544 spe-

247 1560 385 1619 culatus
415 1560 501 1619 litora
532 1560 667 1619 Tarchon
697 1578 756 1633 qna
784 1562 865 1620 rada
893 1578 953 1619 non
982 1565 1082 1634 sperat
1109 1579 1162 1619 nee
1192 1562 1291 1634 fracta

268 1654 470 1708 remnnnnrnt
490 1650 586 1718 nnda,
610 1650 661 1708 sed
683 1667 766 1708 rnare
788 1651 965 1723 inoffensarn
987 1651 1123 1709 crescenti
1141 1650 1291 1709 adlabitur

270 1742 353 1797 aestn
383 1738 509 1797 advertit
536 1739 630 1796 sabito
651 1756 762 1811 proras
784 1741 932 1812 sociosque
950 1743 1104 1813 precatnr:
1127 1738 1290 1798 Tarchonis

269 1827 421 1904 inpatiens
444 1826 541 1887 virtus
564 1845 632 1885 cum
655 1829 687 1885 in
707 1828 882 1887 descensum
901 1846 968 1888 oras
988 1828 1168 1903 adverteret,
1191 1829 1291 1888 visum

225 1928 251 1969 rs
270 1919 316 1975 est
338 1918 367 1975 ei
389 1919 424 1975 nt
446 1927 500 1992 per
522 1935 588 1975 eam
610 1919 729 1992 partem
751 1916 850 1977 litoris
873 1918 996 1977 vaderet
1015 1937 1076 1993 qua
1094 1917 1189 1977 omnis
1208 1920 1290 1976 tran·

270 2006 408 2081 quillitas
438 2005 498 2064 fuit
527 2023 581 2064 nec
610 2006 691 2064 unda
720 2005 905 2066 inlidebatur
933 2007 965 2065 in
997 2025 1069 2065 saxa
1101 2026 1156 2066 nec
1188 2007 1291 2083 aliqua

269 2094 437 2153 venientem
460 2093 539 2155 vada
561 2094 721 2155 terrebant.
766 2099 888 2173 repente
911 2096 1008 2173 igitur
1030 2115 1134 2173 proras
1163 2095 1292 2155 obvertit

270 2183 433 2261 deprecans
461 2184 556 2244 socios
585 2183 623 2243 ad
653 2184 753 2244 officia
780 2184 902 2245 virtutis
932 2185 1084 2263 inplenda.
1130 2184 1292 2263 plurimum

271 2274 351 2332 enim
382 2274 421 2333 ad
448 2274 586 2333 effectum
615 2274 734 2350 proficit
763 2293 830 2333 cum
860 2294 946 2351 prece
975 2277 1073 2334 utitur
1102 2278 1155 2351 qui
1187 2275 1291 2334 iubere

225 2375 252 2417 ao
269 2366 419 2441 potuerat.
464 2381 555 2432 nnnc,
584 2381 600 2421 o
624 2364 696 2422 lecta
723 2381 844 2431 manns,
872 2365 982 2423 calidis
1008 2366 1165 2422 incumbite
1193 2365 1290 2432 remis,

216 2522 223 2532 Ι
269 2453 370 2527 tollite,
393 2455 466 2526 ferte
488 2456 582 2511 rates:
605 2472 749 2530 magnum
773 2452 909 2511 ardorem
932 2454 991 2512 viri
1013 2453 1100 2512 fortis
1123 2453 1239 2512 inducit
1261 2456 1353 2512 etttb

269 2543 333 2601 eius
357 2542 410 2618 qui
433 2541 471 2600 ob
493 2541 690 2600 intentionem
713 2560 832 2619 pugnae
855 2541 922 2617 ipsa
945 2542 1104 2619 naufragia
1123 2561 1183 2600 non
1206 2541 1292 2600 dubi·

268 2633 350 2690 taret
372 2630 531 2689 admittere
553 2631 584 2688 in
609 2650 702 2707 eoque
726 2650 785 2707 quo
810 2630 909 2689 animo
933 2649 1023 2689 ausus
1048 2633 1114 2690 erat
1130 2632 1194 2707 ipse
1214 2635 1292 2691 esset

269 2719 420 2795 hortator,
444 2721 508 2796 ipse
531 2724 711 2796 proponeret
734 2739 812 2797 quae
839 2720 871 2778 in
900 2720 1084 2779 contrarium
1111 2721 1212 2778 venire
1240 2739 1292 2796 po-

225 2822 252 2864 rt
269 2810 412 2883 tuissent,
441 2808 505 2883 ipse
535 2809 735 2885 responderet.
788 2810 855 2887 quis
886 2810 965 2867 enim
994 2810 1121 2868 nesciret
1149 2810 1181 2866 in
1214 2809 1291 2867 vado

270 2914 384 2957 cessare
406 2897 535 2976 remigia
554 2897 709 2957 debuisse?
755 2902 822 2974 quis
846 2899 1001 2977 ignoraret
1027 2897 1128 2976 frangi
1157 2898 1291 2974 potuisse

269 2985 393 3065 navigia
423 2986 474 3045 ubi
505 2985 633 3045 altitudo
664 2988 764 3064 pelagi
794 2989 932 3047 deficiens
967 2988 1032 3047 sola
1064 2988 1137 3064 ipsis
1165 2986 1291 3046 navibus

269 3076 404 3153 pericula
427 3075 664 3135 demonstraret?
704 3076 881 3151 incumbite,
904 3077 1016 3154 inquit,
1035 3078 1171 3150 iuveneS,
1190 3075 1292 3135 remis:

269 3166 373 3242 potuit
408 3164 469 3223 dici
500 3165 647 3241 quomodo
680 3165 883 3224 incumbemus
914 3168 945 3224 et
976 3167 1059 3225 deest
1093 3183 1190 3241 aquae
1225 3164 1292 3223 sub·

342 3321 357 3369 1
378 3317 565 3386 desperatione
578 3317 630 3370 VR
647 3317 700 3371 edI
718 3319 870 3387 desperatio
889 3317 960 3371 edF.
1015 3323 1032 3371 4
1050 3317 1143 3372 eandm
1161 3319 1292 3387 languen-

269 3389 307 3443 tis
324 3386 376 3441 VR
399 3394 425 3442 et
446 3388 580 3456 interpos.
600 3388 644 3442 ed.
718 3394 905 3443 bntetnemnt
918 3388 969 3442 VR
988 3406 1057 3442 corr.
1077 3388 1120 3442 ed.
1194 3395 1216 3442 6·
1232 3388 1293 3442 red·

268 3457 420 3515 MunnVR
435 3476 502 3513 corr.
519 3460 562 3512 ed.
613 3465 736 3514 8nrotns
750 3459 775 3513 V
790 3459 833 3514 cd.
848 3461 980 3515 metnsIt.
1032 3461 1142 3514 bbreoi
1154 3460 1229 3514 saltn
1242 3458 1293 3511 VR

270 3531 314 3585 ed.
340 3547 397 3584 non
423 3529 571 3600 intellego,
597 3530 652 3583 nisi
674 3531 747 3584 forte
770 3531 841 3584 Don.
865 3533 973 3585 nerins
995 3548 1046 3599 pro
1070 3532 1196 3585 brenibns
1213 3530 1292 3600 legit.

270 3606 304 3655 11
327 3602 460 3657 tbarebon
477 3600 536 3656 VR.
556 3602 580 3726 ὲ
599 3609 690 3670 sperat
703 3601 755 3654 VR
773 3604 882 3670 spirant
899 3619 920 3654 r.
1001 3608 1034 3656 16
1053 3603 1220 3657 inlidibatnr
1233 3601 1292 3655 VR.

270 3677 306 3726 tt)
328 3689 404 3728 nanae
427 3674 538 3728 collecta
582 3674 614 3726 a.
695 3678 729 3726 23
752 3689 805 3740 qno
827 3675 921 3727 animo
940 3680 1051 3728 ansnat
1064 3674 1116 3727 VR
1133 3680 1166 3728 nt
1183 3674 1294 3728 omnino

269 3742 392 3810 anfenet
409 3744 453 3798 ed.
528 3749 561 3797 ab
584 3747 641 3814 ipse
663 3745 836 3813 responderet
849 3743 900 3797 VR
918 3751 943 3798 et
961 3746 979 3798 i.
998 3763 1020 3799 r.
1041 3745 1084 3800 ed.
1158 3749 1192 3798 26
1215 3750 1296 3812 potu-

269 3814 391 3899 issetV.
421 3885 438 3938 d
470 3820 504 3870 28
530 3817 712 3872 incnrnbirnns
732 3815 784 3870 VR
811 3832 881 3872 corr.
903 3834 927 3871 r.
952 3816 999 3872 ed.
1076 3822 1114 3870 ‘tt
1143 3811 1317 3883 oquacW

270 3901 386 3941 marana
404 3901 445 3939 e.
