3142 4375
639 533 823 590 nsunmos
841 534 894 588 ru
1209 538 1275 604 575

256 706 430 784 praesentis,
445 706 577 780 Terram,
591 704 623 763 in
642 723 702 781 quo
721 703 831 779 stabat,
845 706 876 763 et
894 704 1038 764 orientem
1053 701 1159 763 Solem.
1187 722 1277 777 quum

251 799 380 869 propter,
399 796 456 854 hcc
475 798 521 855 est
537 796 661 871 propter
679 812 780 870 quam,
799 797 894 852 tentos
909 794 994 866 potui
1006 796 1141 867 perferre
1154 794 1276 863 labores,

257 889 283 943 et
301 888 388 957 pater
414 886 594 958 omnipotens
620 887 647 941 et
668 886 712 951 tu,
740 881 885 941 Saturnia
912 883 1051 951 corduno,
1078 883 1141 943 iam
1166 884 1276 951 medeor,

256 975 327 1042 tom,
342 974 421 1042 dire,
433 990 550 1047 precor:
568 973 599 1032 in
620 974 719 1031 animo
742 970 851 1030 hebuit
868 972 1028 1047 praecepta
1045 971 1154 1031 Heleni
1170 971 1278 1048 quibus

224 1081 237 1120 c
257 1062 334 1121 dixit
348 1055 393 1143 (3,
400 1055 483 1145 437)
502 1061 645 1139 „Iunonis
663 1078 791 1139 magnae
807 1059 940 1137 primum
952 1078 1038 1136 prece
1051 1080 1162 1119 numen
1177 1061 1278 1136 adora,

256 1151 367 1210 Iunoni
391 1171 464 1211 cane
486 1154 558 1211 vote
580 1151 675 1211 libens
695 1150 907 1226 dominumque
925 1151 1077 1226 potentem
1095 1150 1279 1227 supplicibus

258 1259 367 1318 supere
390 1239 499 1301 votis“.
546 1242 590 1299 nit
613 1259 683 1318 ergo
706 1238 768 1300 iam
791 1239 910 1299 melior:
939 1240 1068 1298 nonest
1092 1239 1198 1298 melior
1220 1239 1280 1299 nisi

258 1330 311 1408 qui
325 1330 421 1407 primo
435 1330 527 1389 fuerit
539 1330 648 1391 bonus:
668 1330 749 1407 quod
766 1329 862 1407 igitur
879 1346 995 1404 semper
1008 1327 1121 1386 malum
1133 1328 1280 1387 Iunonem

258 1418 352 1479 sensit
361 1438 414 1478 neo
424 1419 586 1495 aliquando
596 1419 705 1479 hebuit
713 1418 832 1493 bonum,
840 1417 990 1495 quomodo
1000 1416 1076 1476 dixit
1084 1416 1146 1476 inm
1154 1417 1280 1477 melior?

211 1526 238 1565 ro
258 1509 403 1567 satiatum
425 1509 525 1568 voluit
547 1527 611 1569 esse
629 1506 710 1585 quod
728 1507 852 1585 petebat
872 1526 927 1566 nec
945 1507 1041 1566 voluit
1059 1506 1156 1566 dicere
1174 1507 1281 1566 exhibe

257 1600 288 1657 te
306 1597 392 1657 nobis
411 1617 446 1656 ex
464 1597 545 1658 mulo
562 1597 686 1673 bonam,
710 1597 761 1656 sed
779 1596 873 1656 telem
892 1597 991 1673 qualis
1010 1598 1096 1672 potes
1114 1614 1194 1672 esse,
1213 1616 1281 1656 cum

257 1687 319 1745 iam
337 1686 416 1746 bons
439 1688 591 1747 meliorem
615 1689 646 1746 te
665 1686 819 1746 ostendere
841 1686 972 1745 volueris
990 1688 1021 1745 et
1038 1685 1172 1762 probare.
1209 1687 1281 1761 ium,

259 1775 342 1850 diva,
374 1795 490 1853 precor,
521 1777 613 1835 telem
642 1778 673 1835 te
701 1775 840 1835 exhibens
863 1778 947 1852 peto,
978 1776 1097 1850 qualem
1125 1794 1188 1835 esse
1212 1794 1280 1834 con-

259 1866 342 1924 venit
361 1864 461 1940 deam,
483 1868 519 1924 ut
541 1866 582 1925 sit
600 1866 767 1924 misericors
788 1867 818 1923 et
838 1863 915 1922 nulli
933 1866 1090 1924 contrariu.
1121 1865 1183 1924 ium
1201 1864 1281 1941 quod

211 1970 240 2011 ic
260 1954 349 2028 dixit,
369 1954 449 2013 hunc
467 1953 586 2013 videtur
603 1954 712 2013 hebere
730 1953 929 2012 intellectum:
953 1952 1041 2012 debes
1058 1953 1119 2014 iem
1138 1972 1198 2012 non
1218 1972 1281 2014 esse

260 2062 275 2101 e
290 2041 407 2102 diverso
420 2043 493 2118 quis
503 2045 639 2103 tenemus
649 2042 781 2103 Italiam.
804 2047 899 2115 teque,
913 2043 1020 2101 inclute
1029 2043 1163 2111 Mavors,
1178 2047 1282 2102 curete
1292 2052 1343 2103 180

260 2136 307 2191 tec
327 2133 377 2207 qut
396 2132 483 2203 bello,
501 2137 593 2207 poter,
613 2134 668 2193 sub
686 2133 807 2192 ceruice
825 2135 953 2207 torques:
975 2150 1029 2191 nec
1046 2131 1133 2190 illum
1150 2134 1281 2209 prseter-

261 2222 345 2281 misit
367 2241 455 2298 quem
473 2225 596 2299 propter
613 2226 801 2299 praesentem
823 2223 1032 2281 necessitatem
1050 2221 1152 2281 debuit
1173 2223 1282 2282 habere

260 2311 427 2387 propitium
450 2313 481 2370 et
503 2313 585 2388 quod
609 2332 695 2371 omne
717 2311 865 2371 bellorum
888 2330 981 2389 genus
1003 2310 1128 2370 haberet
1148 2312 1181 2369 in
1199 2316 1282 2388 pote-

214 2421 241 2461 ro
261 2402 347 2459 stete.
380 2401 540 2473 Forulosque
555 2401 734 2475 Fbrcr'csque
752 2418 835 2460 roeo:
853 2419 924 2460 usus
943 2402 990 2459 est
1007 2400 1118 2476 quippe
1136 2400 1197 2475 his,
1216 2421 1282 2460 cum

260 2489 365 2548 relicto
388 2490 466 2548 mari
489 2489 658 2549 deflexisset
680 2489 718 2549 ad
742 2489 885 2565 Tiberim,
914 2508 987 2548 usus
1014 2490 1119 2564 etiam,
1149 2509 1217 2548 cum
1244 2489 1283 2548 ad

260 2578 436 2638 Euandrum
462 2582 607 2657 pergeret.
653 2595 782 2651 quaeque
805 2580 928 2638 aetheris
956 2579 1009 2637 ultr·
1037 2578 1138 2652 religio
1162 2582 1188 2636 et
1209 2595 1284 2651 quoe

262 2668 392 2726 caeruleo
407 2671 477 2726 seret
489 2669 615 2727 ceruice
625 2671 729 2742 pereto:
747 2670 826 2727 recte
844 2668 1025 2744 interposuit
1043 2667 1283 2744 generalitatem,

262 2757 416 2833 amplexus
440 2759 486 2816 est
503 2758 615 2834 quippe
638 2756 670 2814 in
689 2776 725 2816 ea
743 2756 839 2816 omnis
862 2757 1034 2834 religiones,
1058 2777 1094 2814 ne
1120 2776 1211 2832 quum
1233 2775 1283 2815 ne-

215 2866 242 2907 re
262 2846 341 2905 scius
366 2846 551 2921 praeteriret.
597 2847 671 2905 caeli
694 2845 789 2925 igitur
812 2846 895 2921 deos,
921 2847 1019 2904 terrae
1043 2863 1078 2904 ac
1104 2845 1196 2904 maris
1223 2865 1284 2905 unc

263 2933 471 3010 deprecatione
495 2935 635 2995 conexuit
657 2955 711 2994 nec
730 2936 833 2995 omisit
852 2936 985 3011 aliquem
1003 2934 1057 3012 qui
1075 2936 1207 2993 omnium
1226 2934 1285 2994 fnit

263 3023 390 3083 antistes
413 3026 444 3082 et
466 3025 569 3084 cultor.
602 3024 711 3102 incipit
733 3022 794 3084 ism
818 3025 915 3083 dicere
938 3023 1125 3083 condiciones
1148 3025 1284 3099 foederiS,

263 3131 337 3189 quas
361 3113 440 3171 nulli
462 3114 508 3172 fas
537 3117 614 3173 esset
642 3114 755 3173 violare
781 3115 830 3173 vel
853 3113 976 3172 solvere.
1013 3115 1129 3172 cesserit
1150 3112 1284 3172 Ausonio

262 3203 290 3260 sr'
306 3203 371 3274 fors
388 3204 510 3262 or'etorr'c
529 3203 643 3272 Turno,
668 3203 800 3261 eonceur't
816 3203 959 3262 Euandri
975 3204 1064 3261 rr'ctos
1082 3203 1226 3261 discedere
1245 3203 1285 3262 ad

216 3311 244 3350 so
262 3292 372 3359 urbem,
388 3292 465 3349 cedet
477 3292 566 3350 Iubes
580 3293 661 3366 apris
674 3309 727 3350 reec
740 3296 810 3365 post
822 3310 909 3351 armo
921 3292 985 3350 ulla
997 3292 1116 3350 rebelles
1126 3290 1286 3350 Aeneadae
1296 3300 1346 3350 185

262 3382 389 3453 referent
397 3383 511 3454 ferrove
520 3374 691 3454 beec'reprc
701 3381 855 3440 lacesseret:
868 3380 971 3457 posuit
983 3381 1080 3457 primo
1095 3401 1154 3440 non
1168 3383 1286 3457 purtem

264 3469 373 3543 Turni,
396 3469 447 3529 sed
467 3470 547 3547 quod
571 3488 640 3530 suos
665 3489 783 3529 servare
807 3472 991 3548 congrueret.
1024 3470 1076 3547 qni
1098 3470 1178 3550 enim
1199 3470 1286 3547 peria

268 3582 483 3590 *-

336 3646 352 3693 2
377 3641 559 3708 hoc—quem
585 3656 638 3693 om.
661 3640 705 3694 ed.
785 3645 802 3693 5
827 3656 925 3694 nomeu
945 3640 971 3692 V
996 3640 1036 3710 (in
1058 3641 1142 3694 tertio
1164 3643 1285 3707 cumen).

265 3717 281 3764 8
300 3711 373 3779 quod
390 3712 493 3766 dieder
506 3710 532 3764 V
546 3711 589 3765 ed.
604 3728 648 3780 qd.
664 3712 750 3781 igitur
768 3727 819 3764 nos
837 3713 870 3764 ut
890 3716 1007 3777 1o,120.
1069 3716 1102 3765 10
1122 3713 1238 3766 ecbibite
1251 3710 1284 3766 V.

265 3788 298 3835 11
314 3784 395 3837 telem
410 3799 463 3836 om.
475 3782 519 3837 ed.
566 3788 600 3837 15
615 3799 669 3837 esse
683 3783 788 3837 diemo
798 3781 824 3835 V
837 3798 892 3836 esse
905 3782 1022 3837 adversa
1036 3783 1080 3836 ed.
1094 3784 1286 3838 esseedr'rerso

264 3870 316 3907 nos
335 3853 468 3924 (11230).
525 3858 558 3908 1⁷
576 3855 686 3911 romine
702 3852 736 3907 V.
793 3858 826 3907 19
847 3853 957 3923 quodV
980 3856 1030 3921 qut
1048 3853 1096 3906 ed.
1116 3854 1135 3921 t
1152 3849 1300 3903 nubere*

265 3941 332 3977 corr,
344 3924 386 3978 ed,
428 3924 612 3995 serraquae
624 3943 690 3982 suos
703 3942 816 3983 serrare
831 3924 1029 3998 congrueretV
1045 3923 1182 3976 edmut.
1190 3913 1333 3977 edormi·-
