3142 4375
562 570 566 579 ,
667 520 852 577 ΑΕΝΕΙΒοε
870 520 909 575 1x
1232 524 1297 590 231

278 689 349 767 boc,
382 688 464 767 qnod
495 688 611 751 fectum
642 690 813 768 descripsit,
847 689 919 749 licet
950 688 1059 767 exponi
1089 710 1151 751 non
1182 688 1298 765 debeat,

280 780 352 857 qnia
378 779 507 857 planum
534 781 592 855 est,
621 781 723 840 temen
749 779 858 839 melius
888 779 1061 857 apparebit,
1090 798 1158 839 cum
1186 779 1299 839 fuerint

278 868 416 948 inspecta
439 870 602 945 sequentia.
638 870 673 941 nt
694 885 799 938 senne,
821 869 932 943 ingenti
950 886 1091 929 conones
1109 873 1152 928 est
1168 869 1299 941 peredere

278 958 379 1018 ndns:
405 975 496 1018 sonus
519 976 608 1034 quem
629 959 693 1035 ipse
720 958 799 1018 ictus
822 958 935 1017 fecerat
958 959 1013 1018 aut
1033 959 1122 1018 ruina
1144 956 1299 1035 prostrati,

253 1045 397 1126 spondas
420 1048 523 1107 autem
544 1047 637 1107 sensit
659 1050 740 1107 terra
763 1065 842 1125 quae
866 1046 1034 1107 sustinebat
1055 1048 1194 1107 occisum.
1233 1064 1299 1106 con·

279 1136 380 1210 topace
393 1139 478 1197 artus
491 1140 576 1209 atque
590 1154 677 1196 crena
691 1140 811 1195 ornenta
825 1138 939 1196 metro
952 1138 1056 1196 sternit
1067 1137 1299 1196 binnimoriens:

279 1224 409 1303 inplevit
426 1227 538 1285 terram
556 1226 659 1285 fisnere
677 1226 800 1304 proprio
818 1227 849 1284 et
867 1226 1014 1286 dissoluto
1034 1225 1153 1285 cerebro
1178 1244 1212 1285 ac
1231 1244 1298 1285 san·

279 1315 372 1394 gnine
408 1332 462 1375 suo
499 1334 583 1375 arma
620 1333 739 1392 quoqne
775 1314 917 1392 pertudit.
971 1319 1056 1388 anne
1087 1316 1133 1374 illi
1162 1316 1299 1389 partibns

279 1404 382 1477 somne
403 1403 461 1463 tnc
487 1408 575 1478 capnt
606 1408 691 1477 anne
717 1404 788 1463 iiber
813 1420 913 1464 nmero
941 1420 976 1463 ca
1002 1408 1123 1475 ntroqne
1145 1404 1299 1477 pependit:
1309 1417 1360 1467 ‘155

244 1492 353 1553 iobaec
376 1495 423 1554 est
445 1494 542 1552 omnis
566 1492 726 1569 descriptio
750 1494 856 1552 mortis
878 1492 1022 1552 Pandari:
1051 1493 1161 1567 medio,
1189 1493 1299 1569 inquit,

280 1582 379 1660 capite
411 1582 503 1642 ictum
535 1582 590 1641 teli
622 1581 770 1642 venientis
807 1583 924 1658 excepit
955 1584 986 1640 et
1017 1600 1071 1659 per
1101 1583 1231 1641 frontem
1264 1600 1299 1641 ac

279 1670 389 1732 faeiem
416 1672 507 1749 plaga
536 1670 715 1730 descendens
745 1671 880 1749 singulas
910 1671 1006 1748 partis
1034 1669 1161 1748 singolis
1188 1670 1298 1730 umeris

280 1759 371 1820 oeffit.
408 1779 474 1820 ecce
497 1764 621 1838 propter
643 1780 734 1836 quam
754 1778 876 1819 causam
894 1759 1105 1838 supraposuit
1126 1760 1187 1835 „sic
1206 1758 1251 1819 ait
1269 1762 1299 1819 et

278 1849 433 1910 sublatum
460 1850 520 1909 alte
548 1849 702 1927 consurgit
730 1849 762 1907 in
790 1848 926 1924 ensem“;
956 1848 1085 1908 hominis
1113 1847 1192 1907 enim
1215 1847 1299 1926 longi

244 1953 265 1996 s
279 1941 311 1999 et
337 1938 402 1998 eius
430 1938 515 1998 cuius
543 1940 640 1997 forma
668 1937 824 1997 arboribus
854 1937 915 1997 luci
942 1941 1106 2016 conparata
1133 1941 1179 1997 est
1208 1939 1299 2014 caput

279 2029 310 2088 et
335 2028 445 2088 faciem
471 2046 533 2086 uno
560 2028 623 2087 ictu
649 2028 682 2086 in
711 2026 785 2086 duas
813 2026 910 2103 partis
937 2045 1077 2104 separare
1104 2046 1165 2086 non
1188 2029 1299 2103 posset,

278 2115 338 2177 nisi
359 2116 392 2175 in
416 2135 515 2176 ensem
538 2134 718 2195 consurgens
743 2115 835 2176 altior
857 2119 935 2176 esset
957 2117 1092 2193 effectus,
1121 2119 1157 2174 ut
1180 2116 1298 2175 descen·

279 2205 352 2266 dens
370 2206 462 2285 plaga
485 2206 604 2266 facilius
623 2206 776 2283 conpleret
794 2207 923 2266 hominis
941 2226 1050 2267 necem.
1092 2209 1179 2266 tanta
1198 2209 1298 2266 antem

278 2296 353 2356 iacti
367 2295 504 2356 celeritas
518 2296 591 2371 fuit,
610 2299 644 2356 ut
663 2295 804 2356 adversus
824 2295 990 2356 consistens
1004 2295 1159 2355 Pandarus
1178 2297 1297 2355 venien·

242 2397 264 2442 tt
277 2386 340 2444 tem
368 2387 496 2445 mortem
527 2385 623 2446 vitare
656 2384 835 2462 nequiverit.
884 2386 1045 2461 diffnpinnt
1074 2387 1152 2444 cersi
1183 2384 1299 2457 trepida

277 2473 436 2548 formidine
466 2475 571 2534 Troes:
603 2474 727 2534 Troiani
756 2493 858 2534 omnes
891 2475 948 2535 tali
979 2475 1113 2551 exemplo
1145 2474 1298 2551 perterriti

277 2562 430 2641 ingerunt.
477 2567 503 2622 et
529 2565 557 2622 si
583 2565 717 2623 continno
745 2565 881 2623 rictorem
904 2582 939 2622 ea
962 2582 1035 2623 rnre
1057 2563 1194 2631 subisset,
1217 2581 1298 2620 rnn-

273 2668 345 2725 perc
368 2652 499 2712 clanstro
526 2671 619 2712 mann
641 2654 789 2725 sociosque
810 2654 955 2712 inmittere
973 2653 1081 2726 portis,
1104 2651 1226 2709 attinens
1248 2652 1297 2710 itte

277 2741 341 2801 dies
364 2741 436 2800 betto
461 2743 595 2815 pentiqnc
617 2742 736 2814 fnisset:
765 2743 871 2802 occisis
901 2742 962 2801 illis
993 2741 1044 2817 qui
1074 2739 1217 2800 valebant
1246 2739 1296 2799 ob·

235 2843 261 2889 ss
277 2828 397 2905 sistere,
421 2830 447 2890 si
470 2829 614 2890 victorem
637 2831 773 2889 Turnum
801 2850 932 2909 congrua
960 2849 1030 2889 cura
1056 2828 1219 2906 tetigisset,
1249 2829 1297 2888 vel

276 2918 406 2979 maxime
430 2920 502 2995 quia
525 2919 668 2997 fugerant
690 2919 792 2994 ceteri,
820 2923 855 2978 ut
881 2920 1031 2995 perruptis
1059 2917 1197 2984 claustris
1229 2937 1297 2994 por·

276 3010 371 3085 taque
393 3008 547 3085 patefacta
575 3028 644 3069 suos
672 3009 854 3084 admisisset,
885 3010 988 3068 eodem
1018 3007 1066 3067 die
1097 3008 1193 3068 omnis
1224 3008 1296 3065 Tro·

275 3095 416 3157 ianorum
446 3116 518 3176 gens
548 3098 657 3158 luisset
684 3098 844 3174 absumpta
871 3101 901 3157 et
930 3096 1035 3174 plenus
1058 3097 1130 3156 belli
1151 3097 1297 3155 terminus

276 3186 472 3264 provenisset.
526 3206 579 3246 cur
607 3189 663 3247 hoc
692 3206 751 3245 non
782 3188 824 3246 sit
855 3189 969 3246 factum
999 3186 1193 3246 subnectitur.
1246 3186 1358 3245 sedito

225 3293 257 3336 so
275 3276 364 3349 furor
391 3276 541 3335 ardentem
568 3277 720 3349 coedispne
745 3278 857 3335 insana
885 3276 989 3349 cupido
1013 3277 1069 3350 epit
1090 3276 1123 3333 in
1146 3275 1298 3334 adversos:

275 3363 406 3441 inpediit
427 3365 485 3424 hoc
508 3364 665 3424 consilium
688 3368 783 3439 furor,
807 3365 861 3441 qui
882 3365 1028 3424 humanas
1052 3366 1164 3423 mentes
1183 3383 1201 3423 a
1220 3367 1297 3423 trao-

275 3452 393 3514 tatibns
420 3453 582 3514 commodis
610 3454 789 3530 proturbare
812 3455 975 3514 consuevit.
1020 3456 1125 3530 raptus
1149 3457 1195 3512 est
1219 3452 1298 3512 enim

275 3545 314 3602 ut
334 3542 542 3622 insequeretur
560 3543 704 3621 fugientis
727 3547 757 3602 et
779 3563 839 3603 non
863 3542 940 3603 vidit
962 3542 1043 3618 quod
1065 3542 1205 3619 prodesse
1228 3543 1297 3618 plns

274 3635 388 3710 posset.
419 3633 569 3707 principio
587 3632 742 3692 Phalarim
760 3636 787 3691 et
803 3633 914 3691 sneciso
929 3633 1039 3705 poplite
1064 3631 1165 3706 Gygen
1184 3632 1296 3704 exeipit,

349 3843 443 3894 tout
459 3835 487 3891 V
511 3844 536 3893 et
561 3837 603 3892 ed.
676 3843 693 3891 8
712 3837 861 3907 perfundit
883 3837 929 3895 ed.
1003 3841 1039 3893 tt
1064 3837 1246 3894 wnsidentes
1268 3834 1320 3886 ed.

273 3914 312 3966 θ’
324 3908 472 3977 summi
486 3907 512 3960 V
520 3908 641 3978 fugitent
657 3909 701 3966 ed⁴
1386 3916 1388 3963 l
