3142 4375
668 509 851 565 nnuuioos
870 509 922 563 ΧΠ
1240 512 1306 578 629

286 696 403 755 campo:
426 678 541 755 Teucri,
559 680 668 757 inquit,
682 677 759 737 nihil
777 678 882 738 dauns
900 677 1055 758 religionis
1073 675 1121 738 illi
1138 679 1221 757 ligno
1241 678 1306 738 abs-

286 770 412 830 cidendo
427 771 608 830 curaverunt
621 788 658 827 ne
672 770 750 828 esset
760 768 939 846 pugnaturis
948 769 1161 845 inpedimento.
1180 786 1307 842 sacrum,

286 859 399 935 inquit,
428 859 553 935 stirpem
580 877 686 936 genere
711 857 866 934 proferens
893 858 1059 918 masculino
1087 877 1142 918 nec
1163 859 1219 916 hcc
1241 858 1307 917 loco

286 951 415 1023 tantum,
430 948 482 1008 sed
496 948 643 1023 plurimis.
675 946 803 1022 protulit
821 948 851 1005 et
868 947 1022 1021 feminino,
1040 948 1101 1023 sed,
1119 950 1155 1007 ut
1173 949 1308 1024 apparet,

255 1053 267 1094 o
285 1038 441 1097 hominum
455 1036 579 1113 stirpem
591 1036 735 1097 feminino
749 1054 866 1115 genere,
879 1037 1031 1114 lignorum
1044 1056 1115 1096 vero
1128 1036 1308 1113 masculin03

287 1129 332 1187 ait
353 1128 434 1186 enim
457 1118 502 1208 (3,
517 1118 596 1207 326)
623 1125 748 1202 „stirpis
771 1124 925 1185 Achilleae
949 1124 1068 1186 fastus“
1091 1130 1122 1185 et
1144 1121 1212 1207 (12,
1229 1117 1307 1206 166)

285 1218 461 1292 „Romanae
485 1214 588 1291 stirpis
611 1213 718 1293 origo“
748 1217 780 1274 et
806 1207 852 1295 (7,
867 1207 947 1294 579)
975 1213 1122 1291 „stirpem
1152 1214 1310 1274 admisceri

285 1303 481 1384 Phrygiam“,
500 1305 549 1364 hic
567 1305 732 1364 masculino
747 1303 826 1362 unde
841 1304 931 1363 arbor
944 1303 1061 1363 abscisa
1075 1306 1128 1363 est.
1160 1305 1207 1362 hie
1221 1304 1308 1363 nasta

285 1394 404 1454 Aeneae
425 1396 538 1454 stabat:
563 1396 651 1453 antea
674 1412 728 1452 nec
749 1393 873 1453 missam
896 1392 973 1452 dixit
994 1412 1048 1453 nec
1070 1394 1154 1471 ligno
1176 1392 1307 1451 infixam.

241 1504 268 1544 ro
285 1485 342 1544 hnc
360 1486 485 1559 impetus
497 1483 582 1543 iliam
595 1483 744 1551 detulerat,
762 1484 857 1555 finam
875 1483 953 1542 lento
970 1482 1071 1541 radice
1083 1483 1210 1540 tenebat:
1226 1484 1308 1541 tene-

285 1575 388 1649 batur,
410 1573 523 1649 inquit,
545 1573 633 1631 hasta
651 1571 769 1631 Aeneae
792 1572 943 1649 praecisae
965 1572 1050 1630 illius
1069 1570 1182 1630 arboris
1206 1589 1309 1630 morsu

288 1681 347 1739 quo
370 1663 455 1721 illam
479 1664 525 1723 vis
548 1661 697 1721 detulerat
719 1663 751 1719 et
772 1661 893 1720 volatus
915 1662 1072 1720 incertum.
1109 1660 1186 1719 dixit
1208 1663 1309 1720 autem

287 1770 409 1812 causam
430 1754 555 1828 propter
578 1770 667 1827 quam
690 1749 732 1811 sic
750 1749 920 1824 tenebatur,
942 1752 979 1809 ut
1000 1749 1089 1809 educi
1111 1769 1171 1809 non
1193 1751 1308 1826 posset3

288 1843 323 1901 de
346 1860 462 1900 summo
487 1840 657 1900 enimcum
679 1858 790 1917 magno
813 1841 934 1900 veniens
956 1838 1087 1915 pondere
1106 1838 1188 1917 ligno
1211 1837 1309 1897 adhuc

241 1948 268 1989 io
287 1930 376 1990 viridi
397 1931 428 1988 et
445 1928 532 1988 molli
549 1930 738 1989 vehementer
755 1927 869 1988 inserta
887 1930 933 1988 est
951 1932 981 1988 et
999 1929 1122 2005 excepta
1139 1927 1310 2003 penetravit

287 2020 400 2079 lentam
426 2018 571 2093 radicem,
599 2017 675 2076 dixit
700 2019 835 2093 mollem,
865 2016 938 2093 quia
960 2036 1060 2077 recens
1088 2018 1153 2077 eius
1181 2016 1308 2077 abscisio

287 2107 356 2167 fuit.
386 2108 520 2167 incubuit
536 2107 681 2179 noluitque
697 2125 792 2166 monn
805 2107 961 2165 convellere
973 2109 1088 2180 faram
1100 2107 1309 2166 Dardanides:
1319 2118 1371 2167 ‘175

288 2198 412 2257 dimisso
438 2198 594 2274 paulisper
616 2216 703 2256 cursu
726 2216 787 2273 quo
810 2197 946 2256 Turnum
971 2196 1187 2273 insequebatur
1212 2196 1311 2256 voluit

287 2286 405 2346 Aeneas
426 2287 547 2347 hastam
570 2285 704 2345 eximere.
737 2284 849 2346 dicitur
871 2304 977 2362 quare:
1000 2287 1109 2360 teioqne
1126 2286 1210 2359 seqni
1226 2303 1311 2360 quern

242 2395 270 2434 ao
284 2376 428 2450 prendere
458 2393 548 2436 enrsa
576 2393 637 2434 non
660 2379 791 2450 poterat:
821 2377 859 2434 ut
888 2374 1019 2435 volucris
1048 2377 1127 2435 ictus
1157 2374 1310 2435 celeritate

288 2467 462 2541 sequeretur
485 2485 573 2541 quem
596 2483 631 2524 ex
654 2483 744 2523 causa
766 2463 898 2524 vulneris
920 2464 1073 2540 inpeditus
1092 2482 1182 2523 cursu
1198 2464 1310 2540 pedum

288 2556 388 2613 tenere
406 2573 467 2613 non
480 2555 608 2631 poterat.
634 2556 696 2611 tnrn
713 2569 780 2612 nero
799 2569 901 2612 arnens
918 2554 1077 2626 formidine
1091 2553 1227 2611 annns:
1244 2555 1310 2612 tum

287 2663 372 2718 vero,
401 2646 467 2702 tom
493 2643 590 2720 magis
618 2643 778 2701 exterritus
802 2642 921 2700 Turnus
951 2644 1041 2717 atque
1069 2659 1171 2701 amens
1198 2642 1310 2717 factus3

287 2732 478 2792 intellexerat
489 2733 567 2791 enim
582 2731 655 2807 quid
669 2731 901 2807 sibipararetur.
919 2731 1035 2799 Farrne,
1041 2747 1154 2803 precor,
1164 2731 1309 2799 miserae,

243 2838 269 2879 ao
288 2823 394 2896 inquit,
423 2825 509 2894 tnqne
531 2822 641 2895 optima
662 2820 790 2893 ferrern,
814 2821 922 2888 Terra,
950 2824 1026 2888 tene,
1054 2819 1130 2877 coloni
1151 2823 1262 2878 nosnos
1283 2819 1312 2878 oi

288 2927 401 2984 semper
417 2911 551 2979 honores
571 2926 643 2982 qnos
660 2913 762 2968 contra
776 2906 937 2967 Aeneadae
955 2908 1026 2967 teilo
1043 2909 1137 2981 fecere
1149 2910 1311 2981 profanos:

287 2998 370 3058 iusta
384 3017 441 3059 vox
455 3018 509 3074 pro
523 3016 650 3073 persona
667 2998 831 3073 loquentis3
850 2997 895 3056 ait
914 2997 993 3056 enim
1006 2997 1108 3057 Fauno
1122 3000 1153 3056 et
1170 3014 1310 3073 praesens

289 3088 398 3162 Terra,
420 3088 602 3146 miseremini
625 3087 748 3146 cultoris
770 3088 865 3146 vestri
887 3090 994 3146 contra
1016 3085 1139 3163 eosqui
1161 3104 1213 3147 vos
1237 3103 1310 3163 quo-

289 3196 347 3254 que
375 3174 564 3235 crediderunt
592 3175 670 3235 bello
700 3194 763 3235 esse
794 3175 977 3252 adpetendos
1007 3178 1038 3234 et
1067 3176 1164 3235 cultus
1194 3179 1310 3236 vestros

243 3282 270 3322 eo
289 3267 357 3326 ausi
379 3268 450 3325 sunt
467 3266 635 3342 profanare.
665 3283 718 3341 per
736 3263 922 3325 occasionem
940 3266 1111 3325 certaminis
1134 3267 1230 3324 nostri
1249 3284 1310 3324 non

288 3353 415 3431 recipiat
422 3354 539 3413 Aeneas
548 3355 661 3413 ferrum
674 3372 728 3412 nec
742 3355 861 3415 sinatur
875 3355 1030 3414 excludere
1044 3354 1126 3431 quod
1139 3353 1171 3412 in
1185 3353 1311 3413 exitium

288 3445 382 3504 vestri
404 3444 527 3503 cultoris
549 3441 728 3520 intorqueat.
760 3443 836 3503 dicit
857 3461 994 3518 cpenrqne
1018 3443 1066 3502 dei
1086 3459 1147 3501 non
1169 3460 1256 3502 cassa
1277 3442 1373 3501 in‘180

361 3619 375 3668 1
396 3613 579 3669 accendendo
597 3613 641 3667 ed.
701 3618 717 3666 8
736 3614 858 3669 absnssa
876 3614 920 3668 ed.
980 3618 996 3667 9
1015 3629 1065 3667 nec
1082 3614 1194 3668 mnsam
1212 3613 1311 3665 contra

288 3703 313 3740 v.
329 3691 380 3740 '111
399 3684 426 3739 V
447 3702 497 3740 nec
520 3701 573 3738 om.
595 3683 639 3738 ed.
718 3690 751 3739 10
776 3687 851 3740 lenta
870 3685 896 3739 V
918 3687 951 3739 ut
973 3683 1095 3753 MVerg.
1120 3689 1147 3738 et
1168 3684 1243 3737 lenta
1265 3682 1310 3736 ed.

290 3763 323 3810 12
342 3755 653 3812 incertamVincertns
671 3755 716 3809 ed.
794 3761 827 3809 16
853 3757 982 3811 manino
1007 3755 1051 3809 ed.
1129 3759 1162 3808 21
1188 3754 1312 3809 annuns

289 3845 343 3882 om.
369 3828 440 3883 eds.
472 3828 475 3898 l
504 3827 602 3896 pedica
624 3824 651 3879 V
676 3827 759 3896 pedes
785 3827 830 3881 ed.
916 3832 950 3881 28
977 3828 1104 3882 miserae
1128 3825 1322 3879 niumm

288 3897 407 3955 oesth
424 3899 560 3966 minere,
580 3897 683 3955 omisso
703 3899 819 3957 onlmrie
837 3900 925 3956 nestri
942 3898 991 3954 ed.
1049 3902 1092 3952 tu
1108 3894 1279 3957 centnm
1293 3886 1347 3934 ὦ·
1364 3876 1381 3999 ⁴
