3142 4375
631 477 815 533 Aruernos
833 477 885 531 xn
967 520 969 523 a
1205 481 1270 547 625

249 666 320 706 nam
339 646 420 724 quod
438 649 481 706 ait
500 646 679 724 generaliter
697 646 854 706 confusum
871 645 955 707 varia
972 645 1104 724 imagine
1121 647 1271 706 maloram

249 736 409 813 stupuisse,
427 737 484 795 hoo
498 736 668 812 specialiter
682 736 820 795 subiecit:
838 736 936 812 prima
954 735 1015 795 fuit
1030 736 1153 812 pudoris
1167 754 1270 812 causa,

249 844 310 901 que
333 828 413 884 enim
436 826 533 884 fronte
556 824 671 885 veniret
694 824 732 883 ad
755 842 825 884 suos
844 824 978 885 desertor
1000 824 1149 885 commodi
1171 827 1218 884 sui
1241 828 1271 896 et

247 914 370 974 inflictis
397 916 445 974 tot
466 912 574 973 malis?
605 914 736 973 secunda
763 916 825 973 fuit
851 914 983 989 insania,
1013 932 1090 992 quae
1118 914 1271 974 oriebatur

213 1019 228 1059 s
248 1023 284 1063 ex
303 1022 337 1062 eo
356 1004 429 1079 quia
447 1003 722 1064 convalescentibus
738 1004 871 1063 adversis
890 1023 950 1063 non
968 1004 1090 1064 valebat
1104 1022 1271 1077 occurrere;

248 1097 320 1152 tunc
343 1094 422 1151 enim
445 1092 542 1152 acrias
565 1094 711 1169 saevitur,
735 1110 802 1151 cum
821 1111 888 1170 spes
912 1096 1008 1153 cesset
1028 1092 1166 1153 ultionis:
1190 1092 1271 1153 simi·

248 1183 317 1241 liter
341 1186 372 1241 et
395 1182 454 1242 alio
473 1182 539 1241 loco
563 1176 608 1261 (4,
624 1176 703 1264 300)
726 1180 803 1241 dixit
820 1183 940 1258 „saevit
957 1182 1045 1259 inops
1066 1181 1189 1241 animi“.
1223 1200 1270 1242 ac-

248 1270 373 1331 cedebat
395 1271 465 1330 huic
488 1273 519 1330 et
540 1271 639 1331 luctus
669 1292 705 1330 ex
732 1271 795 1331 aias
827 1274 922 1331 morte
950 1271 1127 1332 descendens
1155 1273 1187 1330 in
1210 1291 1272 1347 qua

248 1361 310 1418 fuit
333 1362 428 1419 omnis
451 1360 562 1419 fiducia
584 1362 685 1420 uxoris
710 1360 908 1439 accipiendae.
954 1360 1137 1437 sequebatur
1159 1363 1270 1420 amoris

195 1466 227 1507 ro
248 1467 341 1509 eausa
364 1447 428 1509 eius
451 1449 576 1527 virginis
603 1469 695 1525 quam
719 1450 898 1528 desperabat
924 1449 982 1509 eibi
1004 1468 1091 1526 posse
1119 1451 1270 1529 coniungi.

247 1538 423 1597 cumulabat
440 1538 574 1596 omnium
590 1540 741 1598 malorum
758 1540 925 1618 congeriem
939 1538 1060 1599 virtutis
1080 1539 1270 1613 conscientia,

248 1645 326 1704 quae
354 1631 401 1686 tot
429 1628 561 1686 adversis
589 1627 679 1687 simul
707 1646 850 1706 oppressa
877 1628 1025 1705 respirare
1054 1648 1114 1687 non
1142 1631 1269 1703 poterat.

246 1720 281 1775 ut
294 1718 427 1789 primum
445 1717 595 1775 discussae
615 1718 752 1776 umbrae:
773 1718 896 1794 pulchre
920 1718 995 1777 dixit
1017 1717 1139 1776 umbras
1163 1716 1270 1792 animi3

245 1806 300 1864 ubi
323 1806 403 1863 enim
426 1806 618 1880 perturbatus
646 1806 750 1881 brerit,
780 1808 828 1866 vel
855 1807 983 1866 maxime
1006 1806 1144 1883 plurimis
1172 1805 1269 1879 malis,

194 1910 225 1952 ιο
246 1898 405 1971 tamquam
427 1894 459 1952 in
481 1894 612 1953 tenebris
635 1896 750 1970 positus
774 1915 834 1954 non
857 1897 940 1954 videt
959 1896 1031 1970 quid
1055 1899 1127 1972 agat
1148 1914 1202 1955 nec
1224 1895 1269 1953 in-

246 1984 331 2044 venit
358 1984 523 2059 viamque
550 2002 581 2043 se
610 1984 705 2059 possit
732 1985 875 2044 exolvere.
909 1989 935 2043 et
957 1987 1008 2043 tur
1029 1985 1146 2044 reddita
1167 1986 1270 2043 meriti:

247 2074 370 2149 copiosa
389 2072 494 2147 diotio3
512 2072 564 2131 ubi
583 2071 662 2131 enim
680 2076 814 2132 remotae
831 2074 943 2132 fuerint
960 2074 1112 2149 tenebrae,
1131 2076 1183 2131 lux
1202 2092 1269 2133 con-

245 2161 332 2221 tinuo
364 2161 529 2239 subrogata
563 2161 707 2237 succedit,
740 2165 776 2222 ut
802 2163 837 2222 fit
866 2182 933 2223 cum
962 2183 1021 2222 nox
1046 2166 1271 2223 consummatur

246 2255 278 2312 et
292 2252 485 2328 consequitur
499 2251 570 2311 dies.
598 2252 728 2310 ardeatis
741 2253 890 2311 acutarum
904 2254 983 2312 orbis
1002 2254 1042 2311 ad
1054 2255 1171 2313 moeuia
1189 2254 1271 2312 torsit
1280 2257 1333 2306 670

194 2359 226 2399 ao
246 2342 383 2400 turbidus
406 2357 475 2413 eque
497 2341 569 2399 rotis
593 2358 733 2415 mopuaru
759 2343 886 2414 respexit
908 2342 948 2399 ad
969 2343 1086 2401 urbem:
1117 2346 1270 2418 resumpta

245 2431 313 2488 luce
336 2433 405 2505 post
431 2429 582 2503 tenebrae,
611 2429 665 2487 abi
695 2431 828 2489 animum
857 2430 991 2508 collegIt,
1020 2432 1110 2490 torsit
1138 2431 1176 2491 ad
1204 2451 1269 2491 eam

245 2521 364 2597 partem
387 2519 487 2578 oculos
517 2518 548 2575 in
572 2536 633 2595 qua
661 2518 767 2578 civitas
795 2519 855 2577 fait
884 2523 975 2594 atque
1002 2519 1047 2578 ita
1069 2524 1104 2578 ut
1126 2521 1158 2578 in
1181 2540 1269 2578 curru

245 2609 347 2667 fueret
364 2609 483 2666 moenia
500 2607 568 2681 ipsa
584 2607 723 2682 respexit.
756 2624 817 2666 ecce
836 2612 932 2666 autera
950 2609 1079 2678 dammis
1096 2611 1173 2668 iuter
1186 2610 1268 2667 tabu·

246 2698 309 2756 iata
332 2697 448 2755 uolutus
475 2697 515 2755 ad
541 2695 654 2755 caeluru
680 2697 815 2755 uudabat
840 2701 937 2755 certer
960 2698 1121 2769 turrimque
1143 2699 1269 2757 terrebat:

195 2801 225 2844 aa
244 2786 351 2846 multis
375 2787 447 2845 locis
472 2784 655 2844 ostendimus
680 2784 806 2845 adversa
832 2785 966 2844 nuntiari
993 2785 1047 2844 ubi
1074 2805 1140 2846 ecce
1168 2790 1268 2846 autem

244 2874 452 2952 praecesserit,
483 2875 610 2950 denique
639 2877 669 2933 et
695 2875 745 2933 hic
773 2875 944 2934 incendium
975 2875 1072 2934 visum
1100 2879 1146 2934 est
1167 2878 1268 2951 turris,

246 2983 325 3040 quae
353 2965 396 3022 sic
423 2963 548 3022 ardebat
575 2963 783 3023 tabulatorum
812 2964 953 3023 firmitate
988 2966 1138 3039 correpta,
1169 2968 1204 3024 ut
1233 2985 1269 3022 ex

245 3056 309 3113 eius
333 3071 450 3112 summa
472 3055 558 3127 parte
581 3054 613 3111 in
635 3054 750 3112 caelum
773 3053 895 3112 flamma
921 3057 1120 3131 consurgeret.
1153 3056 1267 3123 turrim,

245 3144 394 3216 conpertis
416 3142 549 3200 trabibus
571 3160 659 3215 quara
687 3142 827 3201 eduumt
847 3143 910 3216 ipse
937 3143 1162 3217 subdideratque
1187 3146 1330 3204 rotaso‘lt

195 3249 226 3290 aa
239 3232 398 3306 paulisque
419 3231 598 3289 instraverat
620 3231 708 3290 attos-
730 3231 955 3290 multiformiter
975 3232 1094 3290 Turnus
1118 3233 1210 3291 etiam
1232 3252 1268 3290 ex

245 3319 479 3398 conflagratione
502 3319 594 3379 tamis
618 3318 719 3378 dolore
738 3338 896 3396 percussus
914 3324 972 3396 est,
995 3321 1093 3396 primo
1112 3321 1184 3397 quia
1202 3313 1290 3397 pers

244 3412 322 3470 ierat
339 3409 416 3468 illud
435 3409 517 3484 quod
535 3407 692 3486 diligentia
710 3427 765 3468 sua
784 3413 815 3468 et
832 3411 954 3486 proprio
968 3411 1070 3469 labore
1089 3410 1268 3486 perfecerat;

318 3580 487 3646 ustipuisse
511 3577 544 3632 V.
621 3584 697 3634 tea
722 3595 752 3633 eo
777 3581 826 3647 aas·
846 3577 871 3630 V
892 3579 935 3632 ed.
959 3596 979 3634 e.
999 3597 1020 3634 e.
1040 3581 1108 3649 quio
1131 3579 1175 3633 ed.
1193 3581 1266 3647 post.

245 3649 448 3706 8ea'usVedI
462 3651 580 3704 Amatae
595 3649 664 3703 ear.
721 3656 754 3702 14
772 3650 866 3716 fuerat
884 3649 928 3703 ed.
985 3656 1018 3705 18
1036 3653 1207 3706 conmuniter
1222 3650 1266 3704 ed.

245 3729 280 3777 21
302 3722 406 3790 callipit
423 3720 450 3774 V
468 3737 537 3774 corr.
559 3721 602 3774 ed.
676 3726 710 3774 23
733 3722 830 3776 tabula
848 3720 882 3775 V.
956 3726 989 3774 25
1008 3723 1096 3777 ubiV
1112 3723 1178 3777 rubi
1195 3722 1264 3794 ed}

244 3810 353 3916 eece-J
373 3797 407 3845 26
431 3794 610 3860 praecesserit
636 3808 688 3846 om.
713 3791 756 3845 ed.
840 3796 874 3845 30
900 3793 1054 3850 inuaserat
1075 3794 1101 3847 V
1127 3795 1270 3848 iactura-

243 3871 292 3922 rat
311 3880 354 3918 e.

290 3968 629 4022 Danmterpr.Verg.vol.11
1108 3972 1145 4019 bb
