3142 4375
654 488 905 545 anunmosvn
1252 494 1293 559 15

270 662 420 739 quomodo
448 660 544 719 Turni
573 662 603 720 et
630 658 775 719 Laviniae
805 658 1045 719 coniunctionem
1074 657 1198 718 deorum
1225 679 1293 736 por·

268 754 355 811 tenta
382 750 555 809 distulerint
582 749 682 825 coepit
709 750 825 823 exponi.
872 748 975 824 arbor,
996 748 1110 825 inquit,
1134 747 1214 808 lauri
1235 748 1295 808 fuit

268 842 301 899 in
324 839 527 917 penetralibus
550 838 665 897 medita.
711 836 785 896 dicit
807 856 930 897 causam
953 837 1102 913 quomodo
1126 837 1295 898 emersisset

268 930 318 989 vel
341 948 395 988 cur
415 930 448 987 in
470 924 673 1006 penetralibus
697 926 804 987 fuisset
826 930 958 987 servata:
982 926 1026 985 ait
1048 945 1165 987 sacram
1187 926 1294 986 habuit

237 1035 384 1077 acomam
416 1022 446 1077 et
474 1037 528 1094 per
557 1016 669 1077 multos
700 1034 794 1081 annos
824 1016 1018 1091 custoditam,
1047 1016 1127 1076 ultro
1156 1017 1236 1075 enim
1262 1036 1293 1075 se

269 1109 450 1185 protulerat,
474 1126 542 1166 cum
566 1123 647 1164 arces
670 1104 782 1181 primas
801 1104 928 1164 Latinus
951 1106 1090 1183 erigeret,
1112 1103 1294 1181 perindeque

269 1216 329 1256 non
356 1198 455 1256 inanis
482 1196 544 1253 fuit
571 1194 758 1253 coniecturae
785 1195 917 1271 suspicio
945 1194 1025 1269 quod
1049 1193 1138 1254 arbor
1159 1195 1240 1253 lauri
1260 1196 1293 1253 in

268 1287 342 1363 ipsis
366 1284 571 1363 penetralibus
591 1283 674 1342 nullo
692 1287 873 1359 procurante
893 1284 1069 1359 proveniens
1089 1282 1205 1359 aliquid
1222 1282 1294 1341 boni

269 1375 469 1452 portenderet.
515 1372 643 1449 denique
672 1373 804 1449 primum
833 1391 868 1431 ex
895 1372 959 1431 eius
988 1372 1191 1448 appellatione
1214 1371 1292 1431 Lau-

224 1468 367 1524 rorantes
386 1463 463 1521 dixit
481 1462 610 1537 colonos,
628 1463 685 1520 hoc
704 1465 750 1521 est
768 1462 993 1536 commanentis,
1007 1463 1099 1536 atque
1117 1464 1154 1520 ut
1170 1461 1294 1520 haberet

269 1556 476 1629 conpetentem
512 1552 725 1624 reverentiam,
765 1551 843 1609 hanc
874 1550 1011 1610 conditor
1041 1550 1162 1610 Phoebo
1194 1569 1292 1610 sacra-

269 1645 369 1716 verat,
399 1660 458 1715 quo
486 1641 600 1699 factum
628 1643 675 1699 est
698 1642 735 1698 ut
757 1640 862 1697 adulta
884 1643 915 1698 et
937 1639 1128 1699 veneratione
1153 1640 1294 1699 crevisset

270 1733 300 1788 et
327 1732 468 1806 tempore.
514 1730 602 1788 naias
627 1747 698 1802 apes
723 1746 871 1788 mmmnrn
893 1729 1002 1788 densae
1028 1728 1177 1801 (mirabile
1200 1729 1292 1802 dieta)

269 1818 392 1877 stridore
425 1819 536 1893 inuenti
572 1814 718 1891 liquidum
753 1822 838 1877 trans
875 1818 992 1877 aethera
1027 1819 1124 1876 aeetae
1159 1819 1293 1876 obsedere
1312 1829 1346 1879 65

225 1923 250 1963 u
269 1909 381 1981 apicem
408 1912 435 1966 et
456 1908 583 1982 pedibas
603 1897 660 1980 per
681 1911 786 1965 rnatna
808 1908 892 1965 necis
914 1924 1035 1966 nornen
1058 1907 1188 1965 subitan
1209 1925 1293 1965 raino

267 1997 420 2069 frondente
440 1997 591 2070 pependit:
623 1998 726 2056 exorto
747 1999 871 2073 repente
894 2013 988 2072 apum
1011 1997 1112 2073 signo,
1131 1995 1212 2072 quod
1230 1996 1293 2054 sine

267 2106 378 2165 magna
415 2085 614 2146 admiratione
650 2085 748 2145 videri
781 2106 842 2144 non
878 2084 992 2162 potuit,
1029 2085 1160 2161 suspicio
1196 2086 1294 2144 maior

268 2178 372 2236 exorta
404 2177 450 2236 est
482 2175 563 2253 quod
593 2174 692 2252 ipsum
725 2196 761 2234 ex
794 2175 910 2235 occulto
947 2174 1051 2251 aliqua
1086 2174 1189 2234 futura
1225 2194 1292 2250 por·

270 2263 430 2343 [tenderet
467 2262 624 2340 quoniam]
665 2267 799 2323 continno
832 2269 926 2334 natea,
964 2264 1013 2323 cui
1048 2264 1209 2323 manifesta
1244 2283 1292 2322 res

223 2370 249 2409 ro
267 2355 380 2429 iuerat,
417 2358 567 2413 externam
605 2355 763 2422 cernimus,
801 2355 908 2426 inanit,
946 2354 1105 2412 aduentare
1137 2355 1236 2412 airam
1268 2358 1294 2411 ct

263 2445 362 2514 paras
388 2446 486 2517 petere
513 2461 618 2517 ayruun
645 2444 761 2503 easdern
785 2444 925 2515 partibas
953 2459 988 2500 ea
1012 2443 1105 2500 isdem
1128 2447 1155 2500 et
1176 2443 1293 2501 samma
1313 2456 1346 2504 vo

269 2532 449 2590 dominarier
476 2549 551 2592 arec.
593 2550 653 2590 non
681 2532 758 2590 dixit
785 2532 883 2590 virum
911 2531 1059 2590 cernimus
1090 2531 1179 2606 quasi
1207 2550 1292 2608 prae-

270 2622 395 2695 sentem,
433 2621 484 2679 sed
517 2621 598 2697 quod
632 2622 780 2680 cernimus
813 2625 967 2679 externum
999 2621 1099 2680 virum
1130 2620 1292 2679 adveniam

270 2709 432 2787 signifieat,
456 2712 487 2768 et
507 2715 543 2768 ut
565 2710 698 2768 firmaret
719 2710 798 2768 hanc
820 2709 918 2786 ipsam
941 2710 1155 2784 coniecturam,
1177 2708 1293 2767 addidit

224 2812 251 2852 ss
270 2817 305 2856 ex
335 2815 370 2856 ea
399 2801 485 2874 parte
515 2818 623 2876 agmen
653 2817 722 2857 cum
747 2798 814 2874 ipso
842 2799 1002 2858 venturum
1028 2817 1088 2874 qua
1110 2816 1181 2874 apes
1206 2817 1292 2858 vene·

269 2890 341 2945 rant
372 2889 403 2945 et
433 2905 567 2945 summae
600 2887 676 2946 arcis
708 2885 875 2946 dominium
910 2890 1104 2946 retenturum.
1158 2905 1225 2945 ecce
1256 2885 1292 2945 de

269 2993 397 3051 persona
419 2976 631 3050 pronuntiavit
653 2979 684 3035 et
702 2995 736 3035 ex
756 2996 817 3053 qua
835 2978 922 3053 parte
941 2994 1008 3035 cam
1027 2976 1146 3053 agmine
1165 2977 1292 3036 ventura

270 3067 348 3124 esset
371 3063 503 3124 ostendit
525 3067 615 3141 atque
639 3065 829 3124 obtenturam
850 3065 883 3124 in
906 3065 999 3124 Italia
1017 3083 1166 3124 summam
1183 3085 1292 3125 rerum.

265 3157 432 3227 praeterea,
476 3156 564 3213 casin
604 3155 700 3214 adolet
739 3154 811 3212 darm
851 3154 962 3214 altaria
1003 3154 1097 3213 medis
1139 3158 1167 3213 et
1207 3156 1292 3213 iaxta

224 3257 250 3296 eo
267 3245 424 3317 penitorum
454 3243 553 3302 adstat
579 3244 712 3303 Lacinia
741 3245 836 3318 airpo,
867 3244 933 3302 aisa
963 3243 1077 3316 (nefas)
1105 3243 1199 3317 lanais
1226 3261 1291 3302 aon·

329 3453 356 3500 ·1
376 3447 527 3504 denarrcV
545 3451 577 3502 in
595 3449 667 3504 deor.
683 3449 726 3502 ed.
767 3466 769 3470 ’
800 3454 816 3503 5
835 3448 945 3504 altroV
963 3450 1031 3503 citio
1049 3447 1103 3502 edi
1125 3450 1198 3504 intro
1220 3448 1290 3502 edF.

271 3525 285 3572 '1
310 3521 506 3574 contracturae
528 3519 573 3572 ed.
650 3524 666 3572 9
687 3521 875 3589 praetenderet
897 3520 940 3573 ed.
1015 3524 1048 3572 12
1067 3520 1166 3575 adalta
1184 3528 1210 3575 et
1222 3519 1248 3573 V
1267 3527 1293 3574 et

270 3606 323 3643 om.
341 3590 403 3644 ed·
441 3595 474 3644 18
488 3607 543 3658 por
562 3607 625 3644 cum
644 3591 746 3644 lacuna
765 3589 928 3660 quindecim
947 3591 1106 3645 litterarum
1120 3590 1153 3644 V:
1173 3591 1289 3660 explevi.

270 3665 304 3714 19
324 3677 367 3716 ree
383 3662 479 3731 fauent
496 3660 521 3716 V
539 3678 582 3717 res
598 3667 693 3730 sacrat
714 3679 765 3716 nos
787 3663 978 3728 cni-fuerat
1000 3678 1053 3715 orn.
1073 3662 1117 3716 cd.
1191 3667 1225 3716 20
1247 3664 1290 3714 in-

269 3733 329 3800 quit
345 3735 482 3787 cernimus
499 3732 533 3787 V.
611 3739 645 3787 22
669 3751 732 3789 arae
753 3751 810 3788 non
828 3735 901 3789 dicit
914 3732 941 3787 V
959 3749 1049 3804 supra
1066 3734 1179 3787 omissa.
1195 3735 1231 3784 et
1245 3730 1313 3782 axis.

270 3801 440 3926 interposuit
467 3803 510 3928 etd.
593 3810 627 3858 26
656 3823 733 3861 arces
757 3806 914 3863 dominium
934 3805 962 3862 V
992 3808 1071 3864 orcis
1097 3805 1254 3860 donuinam
1279 3795 1332 3846 un.

271 3888 339 3926 corr.
360 3890 375 3927 e
396 3891 490 3943 ,poa
