3142 4375
655 472 840 528 AENEIDOS
853 472 906 527 VH
1248 476 1292 543 33

272 642 392 702 fuerant
407 642 542 718 petituri,
561 645 662 701 tamen
675 640 915 717 respondendum
929 640 1066 701 omnibus
1081 641 1148 701 fnit.
1180 640 1292 703 idcirco

270 730 402 793 Ilioneus
434 732 508 791 haec
534 733 604 807 post
635 729 739 791 Latini
765 729 847 789 dicta
873 734 1048 807 prosecutus
1076 733 1122 790 est
1149 733 1192 807 et,
1220 733 1294 808 quia

259 813 488 897 ¹principiorum
517 819 703 880 sollemnitas
735 839 796 879 non
828 818 902 879 adeo
933 820 1102 879 necessaria
1133 820 1295 880 videbatur

270 911 302 969 in
324 929 361 969 ea
384 928 474 969 carisa
496 910 528 968 in
552 928 612 986 qua
635 908 762 969 Latinus
785 910 851 984 ipse
868 908 1042 968 benivolum
1059 927 1090 968 se
1109 909 1292 969 demonstra·

240 1015 252 1056 s
269 1002 358 1059 verat
380 1000 411 1058 et
427 999 496 1076 plus
516 1018 608 1074 quam
626 997 725 1075 optari
742 999 891 1075 potuisset
908 999 971 1057 iarn
988 1000 1094 1074 sponte
1115 1000 1292 1074 contulerat,

269 1090 372 1147 tamen
394 1107 455 1147 non
477 1088 642 1147 intermisit
663 1086 880 1164 principiorum
906 1088 1035 1146 formam
1057 1105 1111 1146 nec
1133 1087 1178 1147 in‘
1192 1089 1292 1147 totum

269 1180 445 1254 prosecutus
478 1179 532 1236 est.
583 1176 627 1235 ait
658 1178 737 1235 enim
770 1194 835 1245 rec,
870 1192 964 1250 penus
996 1177 1142 1251 eprepc'um
1172 1177 1293 1249 Founi;

269 1268 327 1325 hoo
350 1269 396 1326 est
417 1265 497 1325 enim
520 1264 708 1342 principium.
755 1266 835 1342 quod
854 1268 901 1325 est
917 1264 1134 1340 brevissimum,
1157 1266 1184 1326 si
1200 1266 1293 1326 uerba

270 1354 510 1429 considerentur,
534 1355 561 1413 si
583 1374 654 1413 vero
672 1354 831 1415 brevitatis
854 1353 949 1430 ipsius
968 1355 1155 1415 intellectum
1173 1356 1293 1432 placeat

224 1463 251 1502 10
270 1443 471 1518 considerare,
512 1444 696 1503 inveniemus
730 1445 793 1503 late
826 1443 976 1503 diffusum.
1029 1463 1082 1503 rex
1117 1444 1236 1521 inquit:
1273 1463 1292 1503 a

269 1534 394 1591 fortuna
416 1535 538 1609 sumpta
555 1534 706 1610 laudati03
729 1532 804 1609 quid
822 1533 902 1591 enim
920 1532 1037 1592 felicius
1060 1552 1095 1591 eo
1119 1534 1173 1610 qui
1190 1537 1293 1594 teneat

270 1640 410 1697 regnum,
438 1623 493 1698 qui
521 1624 647 1700 populos
679 1626 779 1701 regat,
812 1622 865 1699 qui
894 1620 1005 1682 condat
1026 1622 1121 1700 leges,
1149 1624 1183 1681 in
1206 1624 1291 1684 cuius

270 1709 478 1769 incolumitate
514 1714 715 1772 constituatur
752 1712 886 1772 omnium
922 1712 1017 1786 salus,
1059 1712 1111 1788 qui
1146 1710 1293 1773 redundet

270 1799 386 1859 divitiis
410 1803 441 1859 et
464 1800 517 1878 qui
540 1801 635 1863 omnis
658 1803 768 1861 honore
793 1804 885 1878 atque
909 1799 1088 1860 auctoritate
1108 1800 1292 1876 praecellat?

223 1904 250 1946 15
268 1906 364 1966 genus
397 1890 564 1967 egregium:
594 1891 663 1966 plus
695 1891 794 1950 voluit
827 1908 890 1949 esse
922 1890 1054 1950 nobilem
1085 1890 1170 1949 nasci
1200 1908 1292 1965 quam

268 1978 342 2037 fieri.
388 1978 487 2037 Fauni
513 1979 625 2055 inquit:
653 1978 745 2057 elegit
771 1999 866 2038 unum
888 1978 925 2039 de
951 1978 1088 2039 omnibus
1112 1977 1216 2038 Latini
1238 1998 1291 2055 pa-

268 2067 365 2127 tribus
389 2069 471 2127 ouius
494 2085 602 2127 nomen
624 2067 767 2127 insereret
789 2068 886 2143 laudi,
908 2067 979 2127 licet
996 2068 1178 2128 nominando
1196 2087 1291 2148 genus

269 2158 424 2235 egregium
456 2157 552 2217 omnis
585 2156 649 2217 eius
681 2157 817 2235 tetigerit
851 2160 931 2218 retro
967 2157 1095 2218 maiores
1131 2159 1291 2236 ipsumque

268 2247 407 2307 Faunum
427 2248 479 2324 qui
497 2248 559 2306 suit
577 2267 612 2306 ex
629 2247 712 2323 ipsis.
749 2247 877 2306 forsitan
891 2250 1054 2324 quaeratur
1067 2247 1145 2307 unde
1159 2247 1290 2308 llioneus

223 2352 249 2391 ao
268 2355 368 2397 recens
393 2336 431 2396 ad
453 2335 577 2396 Italiam
606 2355 700 2413 genus
728 2334 832 2394 Latini
853 2339 918 2395 tarn
945 2336 1004 2395 cito
1032 2355 1119 2397 nosse
1147 2338 1290 2414 potuerit.

268 2425 439 2486 mirandum
472 2445 532 2485 non
570 2427 616 2485 est
647 2424 680 2484 id
711 2424 801 2484 facile
836 2443 923 2484 nosse
954 2425 1087 2500 potuisse
1129 2427 1210 2502 quod
1244 2425 1289 2485 in·

270 2531 406 2588 messuro
430 2514 552 2575 domum
573 2515 653 2594 regis
676 2514 798 2590 inipso
821 2513 969 2573 vestibulo
992 2517 1112 2574 constat
1127 2514 1289 2593 ingestum

269 2600 377 2678 incipit
406 2603 468 2663 iam
499 2608 569 2681 post
595 2604 813 2681 principiorum
841 2603 1022 2662 brevitatem
1052 2605 1188 2680 quaesite
1219 2607 1289 2664 ante

269 2709 405 2765 narrare,
435 2693 486 2752 sed
514 2713 575 2753 non
605 2693 708 2754 eodem
736 2692 840 2752 ordine
871 2711 931 2768 quo
959 2695 1031 2752 sunt
1059 2695 1228 2770 proposita,
1257 2693 1289 2751 in

223 2793 249 2835 es
270 2797 330 2855 quo
355 2779 471 2839 nullum
500 2785 546 2841 est
573 2782 696 2858 vitium3
724 2781 758 2841 in
787 2782 835 2842 his
863 2783 944 2842 enim
969 2781 1027 2840 hoo
1057 2781 1226 2857 quaeritur,
1255 2785 1290 2840 ut

270 2866 409 2927 omnibus
439 2870 510 2929 tunc
540 2873 656 2949 rogatis
686 2874 832 2931 occurrat.
878 2888 931 2930 uec
957 2871 1094 2942 fluctibus
1121 2875 1200 2929 octos
1223 2875 1290 2930 otro

268 2957 381 3030 subapit
402 2956 494 3015 hiems
514 2961 618 3019 omnis
640 2961 791 3020 succedere
809 2961 895 3020 terris
917 2977 970 3019 uec
987 2960 1072 3018 udus
1091 2960 1206 3033 repone
1223 2961 1350 3021 oioc215

269 3046 373 3104 litusve
395 3045 513 3118 fefellit:
542 3051 715 3123 quamcito
738 3051 769 3109 et
797 3070 888 3127 quam
914 3049 1045 3109 breuiter
1071 3051 1171 3108 totum
1199 3049 1288 3108 dixit!

267 3135 416 3195 venientis
440 3132 479 3193 ad
501 3137 546 3209 tc,
572 3137 686 3213 inquit,
715 3158 770 3198 neo
798 3139 843 3198 vis
870 3140 968 3198 maior
994 3139 1209 3214 tempestatum
1236 3142 1290 3198 aut

223 3223 399 3300 compotus
422 3222 514 3283 maris
537 3225 648 3285 invitos
670 3226 785 3303 inpulit
807 3245 861 3287 nec
888 3247 971 3288 error
996 3226 1124 3287 induxit.
1169 3229 1288 3287 consilio

340 3432 356 3481 9
375 3429 531 3484 breuitatem
548 3431 638 3498 ipsius
655 3431 808 3486 intellectus
829 3432 872 3486 ed.
947 3438 980 3486 14
1000 3434 1090 3488 omnis
1106 3431 1133 3486 V
1151 3435 1227 3487 anmi
1244 3432 1287 3487 ed.

268 3505 301 3554 15
319 3499 440 3554 nubilem
459 3499 492 3556 V.
556 3506 588 3554 1‘1
607 3503 726 3557 inserere
742 3501 769 3556 V
788 3519 857 3556 corr.
877 3502 919 3557 ed.
983 3508 1016 3556 18
1035 3505 1172 3574 epropiaon
1189 3503 1216 3558 V
1233 3520 1288 3558 om·

264 3573 345 3626 oium
368 3570 432 3625 add.
452 3571 495 3626 ed.
556 3577 590 3626 19
609 3575 753 3642 quaeue
770 3573 814 3628 ed.
872 3577 907 3627 20
924 3589 1019 3643 repens
1036 3575 1075 3629 od
1092 3574 1118 3629 V
1135 3591 1228 3631 recens
1244 3592 1288 3630 oc·

265 3645 345 3699 aiem
363 3643 402 3697 od
419 3643 462 3697 ed.
489 3643 493 3716 l
514 3647 637 3713 potuerit
654 3643 680 3698 V
698 3651 760 3700 ·rat
778 3644 822 3700 ed.
878 3649 911 3698 21
930 3646 1087 3715 taprasacro
1103 3645 1130 3700 V
1147 3663 1226 3700 -suau
1244 3647 1293 3699 ed.

265 3729 312 3768 -so
335 3712 378 3768 ed.
397 3716 471 3782 post.
526 3720 560 3770 23
578 3717 637 3773 ium
655 3732 708 3771 om.
728 3715 772 3771 ed.
799 3716 803 3789 t
829 3717 937 3786 quoad
953 3715 1078 3773 toutoV
1103 3719 1238 3787 puoso
1260 3715 1313 3766 so„

265 3786 391 3854 quocum
409 3792 474 3841 aare
491 3804 549 3841 nos.
623 3794 657 3843 24
675 3805 710 3845 aa
728 3789 797 3847 odeo
814 3786 841 3847 V
861 3807 921 3849 ooo
940 3807 973 3849 co
991 3789 1042 3848 ed.
1058 3806 1124 3848 ooo
1142 3789 1244 3844 cotem
1259 3796 1333 3834 noe.

266 3861 299 3911 2⁷
320 3857 402 3910 mna
418 3856 445 3910 V
458 3861 535 3914 tedet
552 3860 595 3916 ed.
671 3868 706 3920 29
727 3872 779 3924 aut
798 3864 824 3923 V
844 3883 899 3926 rico
918 3865 970 3924 ed.

302 3961 361 4002 Don.
370 3961 466 4013 interpr.
477 3967 543 4021 Vere.
560 3973 605 4017 rol.
615 3975 650 4019 11
1057 4009 1062 4025 κ
1162 3973 1186 4021 'i‘
